3158 4972
693 913 818 1038 Pare
852 915 891 1039 l.

171 1189 174 1196 ·
260 1163 304 1232 lia
327 1160 449 1232 Asiana
473 1177 593 1248 uenere
616 1161 740 1254 dicendi
765 1161 794 1232 in
818 1163 942 1234 duabus
965 1162 1126 1250 prioribus
1149 1162 1317 1236 ciceronis

580 1265 783 1338 orationihus
806 1269 993 1358 conspicuo.

269 1563 408 1627 Sublata
436 1561 574 1625 Athenis
605 1561 794 1644 eloquentia
824 1565 925 1645 atque
953 1565 1195 1628 successoribus
1227 1562 1411 1628 Alexandri

118 1672 120 1677 '
160 1666 277 1748 ‘Magni
316 1667 350 1729 in
388 1665 503 1729 Asiam
539 1667 730 1747 immigrata
765 1668 913 1747 inprimis
951 1665 1065 1748 Caria,
1108 1668 1267 1753 Phrygia,
1303 1667 1411 1748 Mysia

167 1767 275 1849 (Orat.
298 1771 355 1851 25)
389 1787 512 1833 novum
536 1769 704 1852 quoddam
733 1775 787 1849 „et
812 1773 960 1852 opimum
996 1777 1028 1835 et
1057 1777 1228 1854 tamquam
1256 1771 1411 1854 adipatae

167 1874 317 1937 dictionis
340 1893 443 1956 genus
466 1876 682 1953 asciverunt“,
706 1894 807 1957 quam
823 1876 952 1940 Romae
974 1895 1106 1960 quoque
1127 1880 1273 1940 oratores
1295 1893 1412 1957 appro-

168 1978 336 2056 baverunt,
370 1981 587 2062 maximeque
616 1981 837 2044 clarissimum
870 1981 959 2045 illius
990 1983 1107 2046 aetatis
1134 1985 1299 2044 oratorem
1329 1979 1412 2043 Hor·

166 2084 305 2149 tensium
328 2096 459 2147 summa
481 2103 555 2146 cum
579 2085 685 2166 gloria
714 2086 765 2148 sui
796 2087 984 2149 exercuisse
1017 2089 1149 2150 constat.
1194 2083 1260 2148 Sed
1292 2082 1434 2148 iisdem·

164 2189 367 2268 temporibus
390 2187 559 2253 tumidiori
581 2189 658 2252 huic
676 2193 776 2272 atquc
792 2191 1003 2272 superfluenti
1017 2189 1158 2268 dictioni,
1181 2207 1268 2273 quae
1284 2187 1409 2264 dicitur,

164 2293 307 2357 Arianae
333 2293 401 2355 alia
426 2293 652 2375 opponebatur
675 2296 781 2360 tenuis
805 2313 844 2358 ac
866 2314 947 2359 sana
976 2296 1018 2359 ab
1052 2296 1100 2374 iis,
1135 2295 1194 2377 qui
1226 2294 1410 2357 Atticorum

164 2413 351 2460 sermonem
374 2395 571 2460 imitandum
593 2397 656 2461 sibi
678 2399 905 2479 proponebant
926 2401 1119 2480 (praecipue
1141 2399 1262 2480 Lysiae
1277 2400 1310 2460 et
1323 2397 1411 2460 Thu-

165 2499 305 2586 cydidis)
328 2499 470 2581 ideoque
486 2501 587 2564 Attici
610 2502 821 2566 vocabantur.
857 2500 1038 2567 Obiciendo
1061 2507 1174 2571 autem
1189 2490 1411 2566 abundantiae

164 2604 213 2666 illi
237 2603 381 2667 Asianae
403 2606 586 2675 maximam
610 2607 790 2670 verborum
819 2609 1124 2690 sententiarumque
1149 2607 1341 2670 tenuitatem
1365 2608 1411 2668 at-

165 2725 230 2789 que
252 2709 441 2786 siccitatem,
465 2711 603 2773 exsucci'
616 2703 649 2772 et
671 2729 854 2794 exsangues
878 2715 1071 2776 exstiterunt
1093 2710 1243 2793 (Quintil.
1265 2711 1340 2794 XII,
1359 2711 1410 2793 10,

166 2807 231 2890 12).
276 2812 319 2875 At
339 2811 455 2876 Cicero
485 2818 521 2877 ut
547 2816 639 2879 initio
663 2815 785 2880 Asiane
813 2818 898 2880 mori
925 2817 1100 2900 serviebat,
1129 2817 1176 2879 ita
1197 2815 1336 2878 Molonis
1364 2815 1411 2876 in·

165 2914 331 2980 stitutione
360 2915 520 2981 adductus
548 2938 651 3001 genus
682 2920 843 2985 Rhodium
872 2923 996 2999 ascivit,
1027 2918 1115 3004 quod
1143 2920 1235 2983 velut
1262 2917 1408 2981 medium

165 3022 266 3100 atque
296 3038 339 3083 ex
367 3025 507 3104 utroque
536 3025 678 3088 mixtum
706 3025 883 3089 videbatur
910 3026 948 3090 of.
977 3026 1067 3088 Brut.
1097 3029 1122 3101 §-
1145 3025 1203 3106 513
1239 3020 1293 3087 Or.
1315 3025 1410 3103 partt.

165 3124 216 3207 34,
247 3125 311 3188 118
344 3124 467 3189 Rhodii
500 3132 647 3192 oratores
681 3131 827 3192 saniores
861 3149 963 3213 qnam
997 3128 1135 3193 Asiatici
1167 3130 1200 3192 et
1232 3127 1410 3190 Atticorum

164 3228 305 3312 similes3
339 3228 474 3313 Quintil.
504 3232 581 3317 ΧΠ,
612 3235 662 3310 10,
690 3233 741 3297 18.
785 3233 856 3297 Nec
884 3251 965 3298 vero
992 3251 1124 3316 prorsus
1154 3231 1348 3312 contempsit
1375 3231 1410 3294 iu

165 3336 333 3414 posterum
356 3335 523 3398 Asianum
539 3356 652 3418 genus,
674 3338 777 3400 immo
800 3338 834 3400 in
856 3338 1019 3400 acerrimo
1041 3337 1099 3400 illo
1122 3337 1302 3400 certamine
1325 3335 1414 3397 inter

167 3435 304 3501 Asianos
328 3441 360 3501 et
383 3439 508 3504 Atticos
531 3440 573 3504 ad
596 3441 689 3504 illam
712 3443 819 3523 potius
840 3445 970 3524 partem
991 3437 1212 3520 inclinavit*).

269 3766 297 3836 *l
331 3765 415 3818 Initia
427 3767 511 3820 huius
524 3770 683 3821 certaminis
696 3771 876 3822 continentur
893 3769 974 3821 anuis
993 3766 1098 3819 70-50
1114 3782 1138 3817 a.
1156 3763 1220 3818 Chr.
1239 3781 1273 3835 n.,
1291 3764 1321 3816 id
1334 3762 1411 3832 quod

165 3851 279 3919 planum
306 3854 371 3905 facit
389 3854 579 3908 Wilamowitz
603 3857 632 3908 iu
657 3856 754 3909 libello
779 3871 830 3908 suo
859 3855 920 3922 „die
944 3853 1255 3922 Thucydideslegende“
1281 3851 1411 3922 [Hermes

165 3938 248 4010 18773
273 3939 327 3992 vol.
346 3940 399 3992 XII
417 3957 442 4010 p.
461 3942 532 4014 332).
568 3943 595 3996 Is
621 3945 745 4012 primum
763 3943 957 3994 Romanorum
973 3938 1007 3994 M.
1025 3939 1166 3993 Calidium
1189 3939 1274 3992 huius
1291 3939 1411 3991 Asianae

164 4025 294 4080 dictionis
318 4028 477 4082 studiosum
501 4031 586 4082 fuisse
611 4030 741 4099 ostendit,
766 4031 871 4098 quippe
895 4030 945 4096 qui
967 4044 991 4081 a.
1015 4027 1050 4079 64
1067 4042 1090 4079 a.
1108 4027 1173 4080 Chr.
1190 4028 1221 4078 in
1238 4026 1411 4078 accusatione

164 4113 195 4179 Q.
207 4113 293 4168 Gallii
305 4120 401 4168 contra
413 4114 576 4169 Ciceronem
589 4117 762 4170 defensorem
774 4116 861 4168 verba
872 4114 968 4167 fecerit
981 4114 1071 4184 [Brut.
1083 4119 1106 4180 5.
1119 4114 1191 4184 277).
1209 4113 1412 4166 Verumtamen

163 4199 212 4252 illo
237 4204 396 4271 temporum
421 4203 511 4272 spatio
535 4219 624 4271 usque
647 4202 683 4255 ad
700 4219 807 4254 annum
830 4202 864 4253 55
888 4216 911 4254 a.
929 4199 992 4254 Ghr.
1018 4201 1085 4254 haec
1102 4201 1196 4255 studia
1212 4215 1270 4254 non
1287 4201 1327 4252 ita
1344 4200 1410 4253 satis

164 4286 285 4354 viguisse
303 4289 445 4358 videntur,
465 4305 529 4342 cnm
547 4291 605 4358 ipse
618 4287 715 4343 Cicero
734 4290 763 4341 iu
782 4289 856 4342 libro
875 4291 925 4356 qui
941 4288 1106 4341 inscribitur
1123 4290 1158 4341 de
1175 4289 1292 4341 Oratore
1309 4287 1347 4358 (a.
1363 4287 1410 4358 55]
1509 4302 1511 4309 ·

163 4373 241 4443 nullo
258 4374 321 4428 loco
339 4375 501 4428 Atticorum
519 4375 692 4428 mentionem
710 4377 799 4430 iaciat.
834 4375 993 4429 Discrimen
1009 4377 1103 4446 ipsum
1129 4375 1207 4444 quod
1228 4374 1412 4429 intercederet
