3158 4972
695 269 889 335 ..37-

172 444 301 526 legibus
335 446 480 510 alienam
513 446 677 509 rationem
707 447 836 509 secutus
868 447 924 521 est,
957 443 1045 508 unde
1076 444 1203 522 accidit,
1236 447 1273 506 ut
1304 445 1339 507 in
1371 445 1422 508 his

172 548 301 612 duabus
339 551 541 615 orationibus
569 549 735 632 quaedam
764 550 981 634 inveniamus,
1014 567 1101 632 quae
1134 567 1156 612 a
1187 549 1422 630 posterioribus

173 655 360 718 abhorrent.
405 654 470 718 Sed
492 656 599 736 ipsam
622 672 693 717 rem
716 653 959 735 aggrediamur.

278 796 308 856 1.
351 794 519 858 Licentiae
550 792 682 856 cuidam
714 797 816 875 atque
842 792 1030 872 impunitati
1059 790 1198 867 dicendi,
1228 808 1330 873 quarn
1351 791 1422 871 ipsc

173 896 290 962 Cicero
312 901 346 961 in
370 899 534 979 prioribus
564 898 631 960 suis
657 897 860 961 orationibus
888 894 1106 977 reprehendit,
1138 893 1351 958 tribuendum
1374 897 1422 957 est

275 1040 305 1102 p.
329 1021 368 1084 R.
392 1019 431 1082 A.
456 1024 480 1095 ἓ.
504 1019 543 1081 6:
576 1017 664 1079 hune
693 1017 758 1080 sibi
784 1035 827 1079 ex
855 1017 966 1081 animo
988 1017 1189 1097 scrupulum,
1216 1016 1328 1098 quise
1350 1015 1421 1078 dies

171 1128 350 1206 noctesque
373 1122 514 1187 stimulat
537 1139 577 1184 ac
595 1122 718 1205 pnngit,
741 1108 779 1183 ut
801 1122 953 1185 evellatis
976 1121 1138 1203 postulat:
1161 1135 1227 1203 quo
1244 1120 1317 1183 loco
1332 1120 1421 1200 leges

172 1229 409 1310 grammaticae
424 1231 561 1309 poscunt
577 1230 635 1289 aut
650 1245 720 1289 eam
739 1227 854 1306 pungit
869 1230 927 1288 aut
945 1246 977 1289 sc
995 1230 1128 1308 pompat.
1173 1221 1268 1306 Quae
1290 1224 1422 1285 licentia

171 1331 353 1397 sinedubio
366 1335 444 1394 nata
456 1332 559 1405 estex
571 1347 723 1394 sermone
738 1330 870 1411 plebeio
882 1347 944 1392 neo
954 1330 1121 1393 invenitur
1133 1327 1219 1410 apud
1228 1325 1421 1409 Ciceronem

171 1438 233 1499 nisi
261 1436 416 1499 inlibris
445 1436 575 1516 primae
609 1435 736 1518 aetatis,
770 1438 806 1496 ut
836 1438 927 1497 recte
955 1432 1091 1497 adnotat
1113 1433 1286 1516 Halmium
1320 1432 1357 1494 ci.
1380 1431 1423 1494 do
1543 1462 1546 1467 ·

170 1542 235 1605 inv.
256 1541 274 1604 I
295 1545 320 1617 ἓ.
345 1539 396 1602 55.

274 1681 303 1744 2.
337 1680 389 1743 De
411 1677 577 1774 adverbiis.

269 1805 310 1882 a)
333 1800 504 1865 Adverbia
526 1797 693 1882 quaedam
717 1796 760 1861 ad
778 1797 1004 1861 cumulandam
1020 1797 1248 1862 adiectiaomtm
1265 1799 1422 1874 motionem

170 1925 229 1987 pro
252 1906 453 1987 superlativo
485 1924 560 1966 cum
591 1902 761 1967 adiectivis
795 1904 966 1966 coniuncte
988 1904 1172 1984 reperimus
1194 1903 1283 1984 apud
1307 1920 1421 1967 omnes

170 2012 318 2074 omnium
352 2014 499 2073 aetatum
521 2008 706 2071 Latinitatis
740 2010 915 2088 scriptores
948 2009 1164 2091 maximeque
1191 2007 1279 2088 apud
1307 2011 1421 2088 poetas

170 2116 311 2178 comicos
346 2131 533 2177 sermonem
560 2112 736 2193 vulgarem
767 2113 943 2175 imitantes,
989 2110 1140 2195 Quorum
1170 2113 1237 2174 alia
1264 2113 1364 2174 etiam
1387 2113 1421 2173 in

169 2237 355 2282 sermonem
390 2219 553 2282 urbanum
588 2221 722 2298 recepta
754 2220 829 2280 sunt
863 2220 898 2277 ut
917 2215 1038 2294 ratde,
1075 2218 1298 2294 vehementer,
1335 2216 1420 2279 bene

169 2324 263 2402 (bien
286 2322 605 2404 Franoogallorum),
636 2320 818 2384 admodum
840 2325 899 2398 etc,
936 2320 1003 2383 alia
1025 2321 1173 2401 inprimis
1207 2322 1263 2384 vel
1286 2338 1419 2402 prorsus

112 2425 117 2437 '
168 2428 312 2490 sermoni
345 2426 509 2490 cotidiano
543 2426 678 2506 propria
710 2429 803 2503 sunt;
841 2425 945 2488 veluti
979 2423 1053 2489 adv.
1094 2425 1291 2510 ,insignite“,
1330 2424 1420 2507 quod

168 2529 283 2595 Cicero
318 2531 446 2594 duobus
480 2533 609 2592 tantum
638 2530 718 2593 locis
752 2531 815 2592 hoo
846 2527 945 2592 modo
975 2527 1117 2612 admisit,
1151 2527 1292 2611 quorum
1316 2549 1418 2591 unum

167 2635 308 2716 legimus
331 2655 364 2716 p.
381 2632 443 2717 Qu.
467 2639 491 2710 ς.
517 2634 557 2696 73
580 2633 732 2714 insignite
753 2634 933 2714 improbus,
957 2634 1100 2695 alterurn
1122 2629 1205 2694 Phil.
1228 2633 1285 2711 ΠΙ,
1309 2634 1351 2695 10
1372 2634 1419 2696 in·

128 2759 130 2763 ·
167 2739 283 2819 signite
298 2739 480 2821 impudens,
504 2756 570 2820 quo
596 2741 708 2800 tamen
730 2738 803 2800 loco
826 2737 955 2800 codices
979 2737 1101 2821 partim
1123 2738 1276 2818 insignite
1298 2739 1419 2818 partim

167 2843 336 2923 insigniter
357 2844 526 2923 praebent.
570 2842 759 2904 Praeterea
774 2844 959 2923 reperimus
981 2841 1070 2923 apud
1094 2843 1199 2905 Plaut.
1223 2841 1309 2905 Rud.
1332 2841 1416 2904 1097

166 2946 186 3010 i.
209 2947 341 3028 inique;
365 2944 437 3010 Ces.
460 2948 499 3023 V,
521 2947 552 3030 4,
575 2947 617 3009 38
640 2947 793 3028 insignite
815 2965 938 3026 magne
960 2946 1106 3011 iniuria..

272 3049 428 3114 Ceterum
444 3047 594 3114 hocloco
610 3067 804 3112 moneamus
820 3049 1001 3112 ¹eiusmodi¹
1013 3049 1174 3114 adverbia
1196 3069 1291 3113 suam
1315 3051 1417 3132 quod·
1512 3042 1515 3045 “

167 3173 232 3236 que
247 3159 284 3216 ut
306 3156 353 3217 ita
376 3153 486 3218 dicam
509 3154 712 3235 provinciam
736 3154 870 3230 habere,
895 3172 971 3216 cum
994 3154 1062 3217 alia
1084 3158 1211 3217 tantum
1235 3155 1276 3217 ad
1301 3172 1416 3218 eorum

165 3257 404 3322 adiectivorum
440 3257 668 3340 gradationem
706 3256 934 3336 adhibeantur,
969 3276 1056 3340 quae
1090 3260 1185 3336 bona,
1223 3260 1290 3346 alie
1330 3277 1417 3340 quac

165 3362 255 3426 mala
277 3366 413 3425 utuntur
435 3362 586 3434 notione3
620 3361 725 3423 vetuti
747 3360 944 3425 adverbium
967 3363 1117 3446 insignite
1139 3365 1349 3426 coniunctum
1370 3364 1417 3425 vi·

167 3463 282 3529 demus
298 3486 374 3530 cnm
400 3466 600 3551 „improbus
623 3464 807 3546 impudens,
830 3467 952 3556 inique,
975 3485 1097 3548 magna
1120 3467 1275 3531 iaimia“.
1321 3465 1416 3550 Quae

166 3570 347 3634 coniunctio
371 3570 522 3634 adverbii
551 3571 644 3651 iusig.
673 3588 750 3632 cum
780 3571 984 3634 substantivo
1018 3571 1180 3653 „inimim‘
1207 3571 1415 3653 frequentata

165 3676 212 3735 est
235 3692 256 3735 a
278 3674 396 3737 Plauto
419 3675 457 3736 cf.
480 3674 547 3736 Mil.
571 3675 634 3736 560
657 3678 727 3737 tam
748 3674 901 3755 insignite
924 3675 1060 3753 iniuria3
1093 3675 1179 3738 Rud.
1203 3676 1283 3754 643;
1314 3677 1413 3739 Poen.
1494 3738 1505 3762 ‚

164 3775 221 3854 ΠΙ,
245 3778 358 3860 6,14;
391 3778 477 3842 Men.
500 3778 540 3861 V,
565 3780 592 3855 7,
617 3779 676 3856 213
711 3779 863 3840 similiter
887 3777 969 3842 Cato
1000 3797 1050 3860 ap.
1074 3779 1157 3843 Geli.
1187 3779 1229 3864 X,
1252 3781 1281 3862 3,
1305 3780 1414 3843 17111-

163 3882 303 3963 signitas
324 3883 464 3981 ipiuriae
487 3886 520 3945 et
536 3881 653 3946 Cicero
675 3901 705 3963 p.
722 3879 783 3964 Qu.
806 3870 833 3958 §.⁶
854 3882 895 3944 28
918 3883 1053 3963 insignis
1077 3884 1213 3962 iniuria3
1237 3903 1267 3965 p.
1282 3882 1413 3948 Caecin.

164 3993 189 4064 §-
212 3986 255 4049 36
279 3989 345 4048 tarn
369 3987 486 4067 insigni
509 3991 646 4067 accepta
675 3987 796 4049 iniuria
830 3993 901 4069 (nos
924 3986 1084 4051 dicimus:
1117 3989 1325 4052 schrciendes
1347 3989 1414 4052 Un-

162 4091 281 4173 recht),
303 4092 342 4153 of.
366 4090 442 4154 iem.
465 4090 521 4167 IV,
538 4093 589 4174 13,
606 4093 646 4170 23
669 4091 708 4169 V,
732 4091 760 4168 2,
784 4090 814 4152 8.
858 4089 981 4155 Contra
1002 4092 1076 4155 adv.
1100 4092 1247 4176 adprime
1269 4094 1411 4175 legimus

162 4198 291 4259 tanturn
321 4193 493 4257 adiectivis
523 4194 630 4258 bonae
657 4195 795 4258 notionis
825 4197 1054 4280 praemissum,
1084 4202 1120 4259 nt
1151 4199 1199 4260 Pl.
1230 4198 1318 4262 Trin.
1349 4198 1412 4261 373

164 4298 254 4379 adpr.
284 4299 407 4381 probus
437 4299 476 4360 cf.
506 4297 591 4361 Rud.
626 4298 683 4376 III,
705 4300 735 4377 4,
758 4297 801 4362 30
823 4303 856 4362 et
879 4297 975 4363 Corn.
997 4301 1080 4383 Nep.
1103 4303 1168 4364 Att.
1200 4302 1251 4385 13,
1273 4303 1293 4365 3
1317 4302 1409 4383 adpr.

164 4402 277 4466 bouus.
322 4402 385 4466 Sed
403 4422 424 4465 a
439 4403 651 4483 scriptoribus
673 4408 850 4485 argenteae
873 4407 909 4467 nt
928 4405 1047 4468 dicitnr
1064 4407 1249 4470 Latinitatis
1265 4423 1329 4484 pon
1344 4408 1413 4469 iem
