3158 4972
632 1483 786 1554 Moenia
808 1487 843 1554 et
865 1483 1074 1573 corriponla.

230 1790 265 1842 ed
283 1807 308 1859 p.
325 1790 367 1843 34.
389 1789 562 1859 Scriptorum
586 1795 683 1845 huridu
700 1807 751 1860 pro
769 1792 848 1844 arida
864 1791 984 1859 legimus
1002 1794 1087 1845 etiam
1111 1808 1153 1861 ap.
1171 1808 1267 1863 evang.
1285 1792 1382 1847 matth.
1401 1794 1478 1864 23715
1562 1722 1566 1835 i

384 1878 414 1929 in
433 1876 527 1930 codice
544 1876 783 1950 Cantabrigienei3
804 1880 853 1945 qui
870 1877 946 1930 idem
964 1880 1079 1946 praebet
1096 1878 1161 1931 Luc.
1192 1879 1270 1949 11,16
1296 1885 1426 1935 honorare
1451 1886 1479 1934 et
1562 1868 1565 1947 j

386 1971 470 2019 houna
488 1966 520 2018 cf.
538 1969 655 2018 Roeuuch
672 1964 742 2016 Itola
760 1980 787 2023 u,
806 1965 929 2034 Vulgata
947 1981 972 2033 p.
989 1965 1049 2018 462,

230 2051 265 2103 od
283 2067 309 2119 p.
327 2050 367 2105 26.
387 2051 491 2104 Vocem
511 2055 656 2105 diluculum
690 2053 721 2102 in
738 2067 866 2104 sermone
883 2051 995 2118 vulgari
1013 2057 1204 2105 conservatam
1216 2068 1276 2104 esse
1290 2051 1477 2123 intelligimus

386 2154 423 2190 ex
439 2137 502 2191 loeo
519 2138 594 2205 opud
613 2152 710 2204 evang.
728 2134 792 2190 luo.
810 2136 869 2208 24‚1
888 2135 997 2208 (vulg.)
1024 2143 1100 2192 ualde
1117 2143 1231 2193 diluculo
1250 2138 1307 2208 [=
1324 2139 1416 2206 primo
1435 2137 1477 2191 di·
1563 2186 1565 2203 ,

386 2225 490 2293 incole,
509 2227 607 2290 ὄρθρου
626 2226 751 2294 βαθέως).

230 2311 266 2363 ed
284 2326 309 2379 p.
328 2310 368 2363 27.
385 2311 431 2363 Ab
460 2310 511 2362 hae
534 2312 609 2363 vocis
633 2314 759 2364 articulus
786 2309 985 2379 significatione
1010 2313 1134 2380 proiecte
1152 2316 1193 2365 eei
1211 2310 1318 2380 plebeia
1335 2309 1476 2362 elocutio:
1564 2352 1566 2357 .

386 2401 415 2450 iu
433 2401 543 2450 articulo
563 2394 631 2449 (lod.
650 2396 667 2448 J
670 2400 721 2451 usi.
736 2396 796 2467 34,2
814 2425 858 2447 =
875 2400 976 2450 statim.

231 2706 256 2758 p.
292 2690 308 2743 6
326 2690 387 2758 lege
406 2690 485 2745 Vere.
502 2707 524 2744 r.
542 2707 563 2744 r.
581 2706 632 2758 pro
651 2689 731 2744 Verr.
749 2707 770 2744 r.
787 2709 809 2749 r.

232 2793 256 2845 p.
274 2777 307 2827 12
353 2816 365 2843 „
403 2792 446 2828 res
463 2778 524 2845 ipse
600 2817 614 2845 „
649 2791 694 2830 ree
711 2781 779 2847 ipse.

231 2879 257 2932 p.
275 2862 309 2914 20
354 2904 367 2932 ‚‚
403 2862 1001 2934 Piperel,1,24pr0P1.Pers‚1,124„

551 4145 682 4191 Emere
695 4111 1156 4188 Unlvereltlie-Buehdruekervevls

545 4214 1162 4234 uvawvwvvvvxmmmvwvnwwvwvwvmwvww
