3158 4972
581 1493 936 1628 lidimonium
969 1495 995 1602 Ι.

232 1754 298 1809 De
317 1752 520 1809 oratione
536 1748 764 1810 Ciceronis
783 1769 824 1821 p.
844 1756 892 1825 Q.
911 1754 1083 1811 Roscio
1102 1753 1339 1812 ComoedO.

267 1940 430 1994 Orationem
453 1958 479 2009 p.
497 1942 529 1994 R.
547 1941 624 1995 Com.
646 1959 702 2011 quo
721 1959 794 1997 anno
813 1942 910 1996 Cicero
930 1943 1060 1995 habuerit
1077 1947 1228 1997 sententiae
1245 1946 1315 1998 adeo
1334 1947 1407 1998 inter

165 2044 193 2080 se
212 2028 376 2098 discrepant,
400 2032 431 2080 ut
449 2028 590 2082 Ferratius
615 2046 637 2083 a.
656 2031 689 2082 77
707 2047 730 2082 a.
749 2030 821 2101 Chr,
841 2030 980 2082 Manutius
1008 2035 1034 2082 et
1052 2030 1233 2084 Drumannus
1257 2048 1279 2084 a
1298 2032 1331 2084 68
1350 2049 1412 2085 eam

166 2114 293 2166 habitam
312 2131 369 2168 esse
388 2117 552 2168 censuerint.
588 2115 676 2169 Locus
700 2133 781 2186 unus,
805 2134 841 2170 ex
863 2134 920 2185 quo
941 2133 1003 2169 mea
1022 2118 1137 2185 quidem
1155 2120 1286 2187 opinione
1304 2119 1411 2186 aliquid

162 2203 320 2254 coniectura
342 2204 452 2270 assequi
470 2196 626 2273 possumus,
646 2210 687 2256 est
707 2209 729 2271 §-
747 2203 793 2256 33:
826 2205 957 2273 „Accepit
976 2207 1051 2256 enim
1077 2205 1142 2275 (scil.
1161 2205 1293 2276 Roscius)
1312 2222 1411 2273 agrum

163 2291 316 2356 temporibus
335 2293 373 2355 iis,
403 2309 483 2357 quun
508 2294 621 2343 iacerent
641 2296 729 2360 pretia
749 2296 920 2359 praediorum
938 2332 943 2343 .
963 2332 968 2344 .
988 2332 994 2344 .
1012 2292 1085 2359 Tum
1110 2296 1225 2360 propter
1243 2292 1412 2361 reipublicae

162 2380 320 2430 calamitates
332 2379 460 2444 omnium
475 2382 646 2445 possessiones
665 2388 740 2431 crant
758 2383 880 2445 incertae,
900 2395 976 2430 nunc
995 2378 1079 2430 deum
1097 2379 1298 2430 immortalium
1318 2379 1412 2447 benig-

162 2463 248 2515 nitate
266 2466 394 2517 omnium
411 2466 540 2518 fortunae
558 2470 624 2517 sunt
643 2470 755 2518 certae.“

268 2553 310 2603 Ac
335 2556 510 2606 Drunannus
535 2554 649 2621 quidem
674 2553 719 2629 [Ii.
744 2552 775 2606 G.
795 2552 818 2604 V
837 2569 862 2621 p.
883 2551 1032 2622 sit-48)
1058 2551 1125 2602 haec
1149 2549 1235 2601 verba
1253 2549 1288 2602 ad
1307 2549 1412 2601 bellum

165 2651 231 2687 cum
249 2638 460 2709 gladiatoribus,
479 2640 557 2707 quod
575 2657 597 2692 a.
614 2639 729 2692 73-71
747 2645 857 2708 gestum
875 2645 924 2709 est,
942 2644 1065 2709 spectare
1084 2642 1191 2690 etcum
1210 2635 1305 2689 Cicero
1324 2637 1412 2689 altero

164 2721 227 2774 loco
246 2723 280 2791 (ᾗ.
298 2725 344 2795 37)
368 2727 420 2779 hoc
438 2727 585 2795 praedium
610 2728 712 2780 abhinc
737 2731 792 2779 tres
812 2731 967 2795 quatuorve
985 2742 1073 2779 annos
1090 2725 1225 2792 accepisse
1248 2723 1322 2774 dicat
1345 2723 1413 2775 Ros-

167 2809 242 2859 cium
256 2812 411 2864 orationem
423 2815 513 2882 ipsam
531 2829 554 2866 a.
573 2813 607 2865 68
626 2814 673 2884 (68
686 2817 718 2878 ÷
730 2815 747 2866 4
759 2816 794 2856 '=
806 2815 852 2884 72]
871 2814 996 2865 habitam
1016 2827 1074 2864 esse
1092 2815 1178 2879 putat.
1214 2808 1318 2861 Contra
1337 2811 1413 2876 equi·

169 2894 232 2947 dem
251 2912 415 2964 persuasum
439 2899 529 2952 habeo
555 2901 711 2953 orationem
735 2902 764 2953 in
782 2918 888 2953 annum
913 2904 975 2968 post
993 2899 1115 2951 reditum
1133 2896 1275 2951 Ciceronis
1293 2913 1329 2947 ex
1346 2898 1414 2948 Asia

165 2983 286 3034 incidere
310 2999 333 3035 a.
357 2984 391 3036 77
410 2985 477 3056 (76),
503 2987 537 3038 de
561 3002 617 3054 quo
635 2989 694 3055 ipse
712 2987 790 3040 Brut.
808 2993 829 3053 §.
847 2986 1056 3054 31810quitur:
1087 3001 1191 3051 „unum
1218 2999 1323 3034 annum
1349 2999 1411 3034 cum

166 3068 337 3122 redissemus
364 3088 400 3122 ex
418 3074 486 3124 Asia
511 3088 605 3125 causas
629 3073 736 3126 nobiles
760 3074 884 3141 egimus“
913 3075 997 3138 atque
1014 3070 1064 3122 illa
1082 3075 1209 3137 tempora
1228 3071 1334 3120 maiore
1351 3071 1413 3120 iure

165 3156 310 3207 referenda
328 3172 385 3209 esse
404 3158 440 3209 ad
456 3162 582 3212 Sullanas
601 3163 810 3227 proscriptiones,
840 3160 874 3211 de
893 3158 997 3226 quibus
1021 3157 1124 3210 similia
1143 3157 1209 3208 dicit
1226 3157 1256 3207 in
1274 3156 1412 3208 Paradom

164 3247 187 3308 g.
204 3241 256 3294 46:
275 3243 324 3310 qui
337 3248 498 3311 repulsiones
517 3241 683 3315 vicinorum,
702 3243 751 3312 qui
765 3249 902 3298 latrocinia
920 3249 948 3297 in
961 3248 1037 3311 apris,
1058 3245 1107 3311 qui
1121 3247 1291 3311 possessiones
1309 3262 1413 3313 uacuus,

166 3331 217 3396 qui
242 3331 458 3399 proscriptiones
483 3331 663 3402 locupletum,
691 3334 740 3400 qui
765 3331 855 3384 clades
880 3332 1107 3400 municipiorum,
1132 3332 1181 3398 qui
1205 3330 1283 3383 illam
1306 3334 1413 3382 Sullani

169 3421 289 3483 temporis
308 3437 411 3471 messem
430 3419 590 3471 recordetur
609 3424 657 3471 etc.
675 3423 702 3470 et
720 3409 831 3471 Sallust.
850 3418 907 3470 Cat.
932 3418 974 3487 51,
991 3417 1024 3468 32
1040 3418 1096 3484 ,uti
1111 3418 1230 3485 quisque
1245 3421 1348 3469 domurn
1366 3425 1413 3469 aut

164 3504 260 3568 uittam,
292 3509 433 3572 postremo
458 3521 506 3557 vas
531 3509 579 3557 aut
596 3507 794 3557 vestimentum
816 3506 1020 3573 concupiverat,
1045 3503 1128 3556 dabat
1147 3518 1269 3572 operam,
1290 3508 1322 3554 ut
1339 3504 1363 3554 is
1383 3504 1413 3553 in

165 3591 387 3658 proscriptorum
402 3608 520 3645 numero
534 3597 628 3646 csset“.
664 3592 718 3646 Sed
736 3593 805 3660 quid
823 3591 926 3643 talibus
945 3592 1118 3658 argumentis
1137 3604 1207 3657 opus
1225 3592 1287 3641 est?
1313 3587 1414 3640 Nonne

166 3673 263 3729 Cicero
291 3678 348 3745 ipse
365 3682 460 3748 paucis
479 3682 559 3732 annis
576 3685 640 3732 ante
665 3696 775 3732 causam
793 3681 851 3746 egit
868 3695 920 3747 pro
939 3678 971 3730 R.
989 3678 1133 3747 Amerina,
1157 3678 1235 3728 cuius
1253 3678 1283 3728 iu
1300 3676 1413 3743 praedia

166 3761 377 3833 Chrysogonus,
393 3766 512 3819 libertus
531 3765 625 3818 Sullae
643 3781 753 3817 summa
770 3782 833 3817 cum
852 3765 997 3817 atrocitate
1015 3765 1151 3832 impetum
1164 3763 1284 3814 iecerat?
1303 3762 1412 3827 Quibus

169 3850 204 3902 de
216 3852 304 3902 causis
318 3853 473 3905 orationem
486 3871 511 3922 p.
523 3853 555 3905 R.
571 3853 714 3906 Comoedo
727 3850 888 3904 Ciceronem
906 3852 963 3902 iere
981 3852 1101 3918 primam
1120 3866 1157 3902 ex
1167 3851 1236 3902 Asia
1254 3863 1412 3917 regressum

165 3935 296 3989 habuisse
314 3938 446 3991 existimo
464 3955 486 3992 a.
505 3940 538 3992 77
556 3940 601 3997 vel
619 3939 659 3992 76.

275 4022 328 4076 Cui
340 4027 381 4078 rei
394 4027 554 4079 testimonio
567 4032 608 4080 est
620 4028 705 4079 etiam
722 4045 803 4080 sarno
821 4026 905 4078 huius
924 4027 1065 4078 orationis.
1102 4023 1200 4076 Totius
1218 4025 1293 4075 enim
1312 4023 1412 4074 oratio-

163 4112 207 4166 nis
225 4111 340 4164 habitus
358 4112 500 4184 prioribus
520 4113 636 4167 similior
655 4117 696 4166 est
717 4129 802 4181 quam
820 4112 1029 4182 posterioribus,
1066 4112 1107 4162 Aa
1125 4116 1249 4179 primum
1268 4111 1334 4178 quia
1351 4125 1411 4178 per·

164 4198 254 4252 multa
271 4198 401 4266 exempla
412 4199 595 4252 inveniuntur
607 4202 715 4254 Asiatici
724 4203 803 4254 naris
816 4203 919 4254 dicendi
935 4200 1012 4252 velut
1031 4214 1094 4251 cum
1111 4199 1241 4249 universe
1258 4195 1411 4247 verborum

168 4286 305 4352 quaedam
324 4285 505 4356 abundantia,
523 4289 584 4339 tum
602 4288 726 4339 maxime
745 4287 816 4339 illud
836 4287 961 4338 studium
979 4287 1108 4339 notiones
1123 4287 1222 4336 duobus
1235 4285 1316 4336 serbis
1328 4282 1412 4349 signi-

164 4370 263 4425 ficandi
282 4375 314 4425 cl.
333 4378 354 4440 5.
372 4372 407 4425 30
420 4370 535 4441 prauum
553 4383 578 4426 et
597 4392 755 4442 perversum,
782 4379 802 4440 ἓ.
826 4372 861 4427 44
879 4378 1015 4442 locupletes
1034 4383 1058 4426 et
1070 4373 1213 4441 pecuniosi,
1239 4374 1260 4436 ς.
1281 4368 1315 4420 46
1333 4372 1412 4422 irasci
