3158 4972
789 245 986 308 „43-

264 421 457 477 creciacensem,
482 417 503 479 5.
520 412 555 463 48
573 416 707 466 consistere
732 424 756 465 ct
774 418 934 480 commorari,
960 415 999 466 ib.
1024 420 1134 469 callidus
1159 427 1185 469 et
1202 427 1329 483 ocreatus,
1353 418 1398 473 ib.
1418 426 1526 479 1111011101

264 504 452 566 ciampinium,
477 504 498 565 5.
516 500 550 549 51
573 504 690 552 resistcre
715 511 739 553 ct
762 520 909 568 repapnarc
934 500 1043 568 aliaque
1062 501 1157 572 plura,
1182 518 1238 570 qtru
1255 505 1284 555 iu
1304 521 1336 557 re
1352 510 1456 563 tamen
1469 512 1522 567 hoe

263 584 541 637 animadvertendum
560 590 601 637 est
613 584 775 639 Ciceronem
799 594 829 638 ut
848 588 877 637 in
895 586 1003 639 rlrrttbus
1023 589 1164 655 prioribus
1182 592 1358 645 orationibus
1379 598 1518 663 particula

264 681 341 739 atque
359 671 392 721 82
410 673 457 740 ies,
482 692 513 725 ac
530 672 563 723 45
584 674 630 741 ies,
656 675 694 723 ita
716 676 744 724 in
770 674 820 725 hae
839 684 917 740 atqnc
938 675 977 725 bis
996 680 1104 726 iunium
1123 678 1157 745 [5.
1176 662 1217 749 20.
1233 676 1291 749 43),
1310 698 1343 761 qq
1360 696 1522 757 nunquam,

267 758 432 809 ereberrime
452 769 474 810 et
495 773 574 809 usunr
595 774 660 811 esse.
1311 762 1358 821 7-1

364 843 472 897 Deinde
489 848 518 897 in
536 846 587 897 hue
604 847 730 899 oratione
749 848 819 897 sieut
838 848 867 897 in
887 846 996 897 dualnrs
1016 848 1156 915 prioribus
1176 848 1273 903 Cicero
1293 854 1444 909 nonnullis
1465 856 1521 911 elo-

262 932 420 983 cutionibus
443 938 470 983 et
488 933 580 984 verbis
600 935 696 1001 utitur,
724 948 795 1001 quac
813 932 1015 1000 posterioribus
1034 936 1149 1005 ‹lesum-3
1176 950 1232 1002 spuo
1251 954 1288 988 ex
1306 954 1433 995 numero
1452 960 1518 1013 pro-

264 1017 395 1069 ferimus:

367 1156 389 1207 1.
414 1156 519 1208 Similis
531 1156 572 1207 illi
585 1158 722 1209 formulae
734 1174 760 1226 p.
773 1158 825 1224 Qu.
838 1163 858 1223 5.
870 1158 905 1209 45
920 1122 1068 1236 persouim
1080 1176 1184 1231 capere,
1199 1162 1246 1215 ubi
1259 1164 1382 1233 simplex
1395 1165 1522 1225 verburir

262 1258 313 1310 pro
329 1245 483 1310 composito
495 1245 618 1311 positum
630 1249 671 1295 est
683 1245 727 1314 [cs.
740 1262 764 1312 p.
778 1245 832 1314 21),
854 1246 1322 1316 11001111ίο1010111010001101111
1333 1256 1521 1327 maximeque

261 1331 431 1382 comicorum
449 1334 490 1381 est
508 1334 627 1395 laborem,
656 1336 769 1383 dolorem
794 1351 884 1398 capere
911 1333 975 1402 [pru
994 1336 1140 1402 suscipere,
1166 1337 1310 1405 accipere).
1342 1338 1418 1393 llaec
1436 1346 1518 1397 enim

263 1416 398 1469 voeabula
421 1431 484 1466 eum
508 1415 654 1483 permultis
680 1415 747 1468 locis
772 1418 919 1469 coniuncta
944 1420 1080 1489 videmus,
1105 1420 1181 1472 velut
1200 1422 1516 1483 Το1.11101.8310110

264 1508 450 1571 lciorcatqne
467 1505 526 1555 eius
545 1508 633 1557 dolore
639 1524 649 1565 ,·
668 1503 707 1554 Pl.
725 1503 825 1554 Pseud.
843 1502 910 1574 086,
938 1508 999 1556 turn
1017 1506 1137 1558 alterum
1156 1525 1207 1575 pro
1226 1510 1313 1564 altero
1332 1514 1450 1581 positum
1468 1518 1510 1569 in-

264 1592 399 1661 venimus,
425 1595 454 1641 ut
479 1589 539 1641 Ter.
557 1590 644 1642 Andr.
664 1590 716 1642 720
740 1590 851 1657 ,101101α
879 1606 931 1658 pro
961 1593 1074 1659 „nonu
1104 1596 1136 1646 es.
1157 1595 1221 1648 Hee.
1245 1598 1310 1669 280,
1339 1598 1514 1657 1101118211·

263 1682 327 1744 qaid
343 1681 448 1729 lahorisr
466 1706 501 1726 =
518 1678 625 1747 dolori,
644 1677 684 1730 Pl.
702 1678 774 1729 itud
794 1678 857 1747 190,
877 1680 984 1748 [itaque
1002 1682 1085 1732 etiam
1100 1683 1218 1735 verbum
1230 1690 1354 1739 laborare
1366 1690 1512 1758 utramque

263 1764 320 1814 vim
339 1763 422 1815 habet
440 1768 466 1819 et
486 1765 590 1817 laboris
609 1770 636 1815 et
654 1764 769 1833 doloris,
787 1763 915 1817 laborare
933 1768 997 1836 ex];
1022 1774 1105 1835 utque
1133 1769 1245 1836 „dolore
1272 1787 1324 1839 pro
1352 1773 1463 1841 „labor‘
1481 1782 1512 1829 ut

263 1848 339 1901 Serv.
357 1850 524 1902 adnotaturi
544 1851 625 1919 Verg.
643 1853 714 1904 Aen.
733 1851 830 1921 Χ,398
850 1854 958 1903 mixtus
976 1854 1058 1907 dolor
1077 1860 1103 1906 et
1116 1856 1225 1924 pudor:
1245 1857 1311 1924 „alii
1324 1858 1454 1913 dolorem
1468 1862 1515 1916 ali-

263 1938 340 1988 cuius
358 1938 444 1989 studii
462 1938 592 1990 ardorem
611 1945 636 1990 ei
657 1944 816 2006 promptam
841 1938 948 2006 gloriae
973 1942 1154 2009 cupiditatem
1173 1954 1286 1997 ceterum
1304 1960 1384 1999 more
1403 1948 1513 2002 dietum

263 2023 371 2092 volunt,
394 2028 425 2075 ut
444 2025 540 2078 Graeci
560 2031 640 2079 πόνον
660 2026 808 2095 appellant,
828 2028 860 2077 ef.
879 2026 964 2079 Lucil.
983 2045 1048 2079 unm
1073 2030 1204 2082 omuibus
1229 2034 1296 2083 unit*
1315 2032 1400 2085 dolor
1422 2038 1518 2105 captu*

263 2107 421 2176 labosque“.
457 2112 527 2163 Hinc
555 2114 676 2179 prosecta
703 2118 743 2165 eat
771 2112 876 2181 duplex
905 2113 954 2165 illa
981 2119 1022 2167 vis
1049 2115 1214 2169 elocutionis
1240 2123 1370 2184 ,laborem
1397 2128 1516 2190 ceperc“‚

263 2196 340 2247 velut
358 2197 419 2250 Ter.
437 2199 525 2251 Andr.
544 2199 609 2270 720,
628 2199 694 2266 870,
714 2200 754 2251 ΡΙ.
773 2200 849 2252 Trin.
868 2200 1031 2253 2710111110
1051 2206 1125 2254 10101
1137 2204 1251 2270 grandis
1270 2210 1376 2274 capitur
1395 2208 1516 2277 aliisque

262 2283 330 2335 loeis
348 2285 450 2352 quibus
468 2286 548 2339 labor
567 2290 641 2339 vous
660 2287 773 2353 „dolor“
793 2289 851 2339 vim
869 2287 961 2357 habet,
986 2289 1034 2341 sed
1052 2288 1112 2341 Ter.
1131 2290 1193 2343 Hec.
1220 2292 1272 2344 344
1296 2295 1408 2345 inanem
1434 2295 1515 2349 labo·

264 2386 372 2441 10110,
392 2370 475 2439 liant.
494 2372 560 2443 399,
579 2373 716 2425 Ρ1.811011
730 2373 796 2444 162,
816 2373 922 2426 Lucret.
935 2375 968 2442 V,
983 2376 1050 2426 1180
1063 2379 1177 2445 propria
1189 2380 1216 2429 vi
1231 2380 1324 2430 utitur.
1351 2375 1443 2439 Quem
1456 2382 1519 2433 for.

263 2456 370 2509 mulum
400 2457 496 2512 Cicero
525 2475 581 2512 uno
608 2460 670 2513 loeo
699 2466 822 2530 usurpat,
849 2463 878 2513 in
909 2478 949 2515 or.
983 2480 1007 2531 p.
1032 2463 1064 2515 R.
1088 2462 1116 2517 C.
1147 2470 1168 2531 5.
1194 2464 1242 2516 49:
1271 2471 1368 2515 tentum
1396 2464 1514 2515 laborem

263 2563 361 2610 cepere,
381 2560 437 2612 quo
455 2546 516 2599 loeo
534 2546 614 2600 labor
631 2549 689 2598 vim
708 2548 792 2600 habet
809 2555 900 2616 πόνου,
926 2550 973 2601 sed
998 2550 1060 2602 Ter.
1086 2552 1174 2603 Andr.
1200 2550 1252 2602 870
1270 2550 1378 2599 tanturn
1396 2546 1416 2598 l.
1435 2562 1455 2599 0.
1473 2570 1518 2601 ==

263 2628 404 2702 dolorem,
432 2634 461 2683 iu
485 2634 665 2701 sequentibus
691 2637 864 2688 orationibus
889 2631 985 2689 Cierio
1011 2654 1062 2705 pro
1089 2637 1229 2703 ,laborem
1247 2636 1358 2701 eapere“
1386 2633 1457 2685 dicit
1477 2635 1512 2703 „L

262 2722 402 2785 amciverei
428 2725 459 2771 ut
490 2720 603 2773 PeraV
628 2720 719 2786 §.180
753 2732 855 2776 tantum
873 2728 888 2775 l.
906 2727 1040 2791 suscipere,
1067 2725 1098 2777 cf.
1121 2724 1210 2775 Plane.
1236 2727 1257 2786 5.
1281 2719 1312 2790 3,
1340 2719 1398 2774 Mil.
1417 2726 1439 2788 5.
1458 2722 1512 2795 94,

267 2807 340 2858 dom.
359 2811 380 2871 5.
399 2806 440 2859 29.

368 2930 390 2980 2.
407 2930 514 2981 Pariter
527 2932 554 2981 in
568 2931 741 2982 orationibus
754 2947 810 2982 uuo
822 2930 885 2983 loeo
898 2932 1056 2983 invenimus
1072 2927 1220 2982 formulam
1238 2927 1347 2995 aliquid
1364 2934 1517 2995 compendii

257 3020 349 3085 facere
360 3037 395 3058 =
408 3019 512 3082 ,faeere
529 3022 560 3067 ut
578 3017 687 3084 aliquid
706 3017 868 3084 compendii
886 3019 922 3068 sii
941 3018 988 3087 (r-
1009 3016 1166 3086 ersparen]“
1193 3031 1219 3083 p.
1239 3014 1272 3067 R.
1290 3012 1366 3067 Com.
1384 3019 1407 3080 5.
1424 3014 1461 3067 49
1487 3026 1516 3071 ui

260 3109 410 3171 paullulum
429 3115 457 3158 tu
476 3108 620 3172 compendii
630 3107 720 3172 facias
739 3105 770 3155 ef.
790 3104 823 3155 de
842 3106 885 3155 off.
903 3104 944 3155 Ill
963 3110 983 3169 5.
996 3104 1038 3159 03.
1069 3106 1215 3157 Praeterea
1236 3103 1356 3173 legimus
1374 3102 1451 3171 apud
1471 3104 1513 3157 Pl.

264 3189 344 3242 Truc.
361 3190 397 3260 ΙΙ,
414 3192 439 3260 4,
465 3190 506 3261 26,
533 3193 642 3259 saepius
670 3191 715 3260 [ci.
735 3190 840 3243 Lorenz
859 3191 895 3242 ad
913 3191 1015 3244 Pseud.
1040 3192 1127 3261 1121),
1155 3192 1255 3244 Pneuv.
1274 3190 1339 3259 175,
1366 3189 1512 3259 11101129,

262 3278 361 3348 3711,
382 3278 489 3330 Vitruv.
508 3278 557 3347 III,
577 3280 601 3347 2,
624 3278 674 3348 20,
695 3276 740 3348 Vl,
762 3284 783 3347 1,
802 3279 825 3330 5.

366 3399 390 3450 3.
407 3398 583 3467 superlativo
600 3403 751 3453 vicensimas
768 3420 803 3440 =
821 3404 964 3451 extrenms
983 3398 1078 3452 Cicero
1098 3401 1188 3451 utitur
1205 3413 1262 3451 uno
1280 3398 1356 3451 loeo:
1383 3414 1409 3466 p.
1427 3396 1460 3449 R.
1484 3394 1516 3452 C.

262 3492 284 3553 5.
301 3487 342 3539 30.
377 3486 428 3538 llic
445 3502 505 3555 sup.
531 3485 664 3539 Varronis
688 3488 802 3538 demum
826 3491 913 3538 001010
939 3489 967 3538 in
991 3502 1149 3539 sermonem
1173 3488 1275 3538 ascitus
1299 3489 1340 3537 esi
1367 3486 1400 3537 cf.
1431 3482 1517 3537 Varr-

264 3574 291 3627 L.
310 3574 337 3625 L.
357 3573 394 3624 Vl
413 3590 438 3641 p.
456 3573 489 3637 95
507 3572 541 3624 Μ.
562 3581 736 3637 „extumum
754 3578 918 3627 nouissimum
943 3590 1056 3642 qtiuque
1082 3574 1136 3625 dici
1156 3581 1284 3641 coeptum
1313 3572 1408 3641 vulgo,
1437 3572 1518 3641 quod

264 3676 325 3712 mea
348 3662 483 3712 memoria
508 3664 538 3711 ut
557 3661 654 3712 Aelius
679 3662 717 3711 sic
736 3678 813 3712 senes
838 3660 945 3729 aliquot
966 3666 1074 3713 cointium
1093 3679 1188 3712 rrornm
1208 3659 1326 3711 verbum
1344 3658 1422 3727 quod
1444 3664 1519 3711 esset

262 3752 401 3801 vitabant.“
439 3747 534 3801 Cicero
554 3764 611 3799 uuo
629 3749 698 3817 loeo,
726 3754 756 3799 ut
779 3750 835 3799 iam
855 3748 987 3817 diximus,
1011 3748 1063 3799 hoc
1081 3746 1218 3799 vocabulo
1238 3746 1328 3796 utitur
1345 3747 1442 3813 itaqua
1462 3744 1516 3799 fal-

263 3850 326 3887 sum
344 3842 393 3903 est,
417 3835 447 3886 id
465 3835 542 3902 quod
561 3834 628 3887 Geli.
647 3835 680 3904 X,
700 3836 734 3885 21
753 3835 819 3886 dicit
844 3833 1005 3887 Ciceronem
1029 3853 1127 3901 seraper
1152 3832 1205 3883 boc
1228 3831 1315 3883 verbu
1334 3832 1515 3885 abstinuisse.

263 3922 296 3973 In
313 3921 514 3990 posterioribus
531 3922 611 3973 libris
629 3924 715 3973 sumit
733 3922 818 3972 verba
836 3926 987 3989 extremus,
1012 3920 1168 3988 proximus,
1195 3918 1398 3969 recentissimus
1418 3918 1518 3988 (Atuc.

264 4008 311 4078 Vl,
329 4009 353 4078 1,
372 4009 414 4078 1),
433 4009 480 4060 sed
499 4010 655 4061 invenimus
673 4011 703 4060 in
722 4008 847 4076 epistulis
865 4010 1020 4059 amicorum
1039 4008 1075 4060 ad
1092 4004 1147 4059 Cic.
1166 4006 1247 4073 (latis,
1270 4005 1334 4055 fam.
1354 4003 1388 4075 Χ,
1407 4004 1451 4075 30,
1466 4005 1518 4077 20,

264 4094 312 4165 XI,
326 4095 378 4165 1,3
396 4096 479 4165 (101),
498 4094 559 4160 XII,
578 4094 618 4164 13,
633 4096 654 4146 1.
667 4095 700 4164 3,
719 4111 760 4162 ap.
773 4093 854 4147 Corn.
866 4094 933 4163 Nep.
955 4095 1039 4146 semel
1059 4094 1140 4145 Eum.
1159 4093 1188 4162 1,
1208 4108 1249 4160 ap.
1268 4091 1369 4143 Caesar
1389 4093 1514 4160 saepius.

365 4216 389 4269 4.
416 4216 523 4269 Pariter
549 4216 714 4268 adverbium
738 4222 862 4284 extempio
887 4218 1041 4285 reperimus
1065 4216 1140 4285 apud
1161 4215 1323 4267 Ciceronem
1349 4216 1462 4267 tautum
1480 4216 1513 4267 in

264 4307 332 4356 0101.
354 4320 379 4373 p.
398 4304 431 4355 R.
449 4303 478 4357 C.
496 4309 518 4370 5.
543 4302 605 4355 801
629 4304 659 4354 in
677 4306 857 4357 conversione
882 4304 929 4355 illu
955 4305 1086 4356 carminis
1106 4303 1203 4355 Aratei
1226 4320 1251 4354 v.
1275 4300 1334 4373 351,
1362 4302 1521 4369 permultis

263 4388 331 4442 loeis
349 4392 478 4463 inprimis
496 4390 572 4459 apud
589 4395 692 4459 poetae.
