3158 4972
696 264 813 326 ..51
852 297 895 313 -1

169 437 199 487 in
216 437 355 502 pericliter,
373 433 422 485 das
442 434 516 484 scine
534 431 696 500 Erklarung
714 433 745 484 ln
762 433 827 484 dem
848 431 1004 499 geltufigen
1021 435 1107 500 perire
1129 432 1184 486 hat
1215 433 1320 486 Lokale
1342 433 1416 487 Gelt·

169 537 227 588 ung
246 521 294 572 hat
312 519 371 571 sich
389 519 466 571 nicht
484 518 571 571 selten
589 518 729 570 erhalten:
756 536 877 586 „pereqre
905 520 951 587 „in
978 519 1096 571 anderer
1121 518 1328 591 Gemarkung“,
1359 538 1418 588 per-

170 626 242 660 emne
271 606 330 658 und
355 611 512 674 perterritae
534 608 672 674 auspicari
701 607 767 673 „auf
788 606 837 658 der
862 607 970 659 andern
988 605 1063 658 Seite
1086 605 1135 658 des
1152 606 1262 659 Flusses
1281 607 1349 660 oder
1368 607 1418 660 der

171 693 303 762 Grenze“,
327 708 358 745 so
382 698 507 760 perlicere
525 695 576 745 aul
591 694 637 746 die
661 693 763 746 andere
790 693 864 746 Seite
884 692 992 762 locken,
1027 692 1168 745 vielleicht
1194 692 1265 745 auch
1292 682 1432 762 pcrfaqo,¹

168 783 315 848 pcc-fayore,
343 783 502 848 persuqium.
538 779 594 832 Das
620 782 795 846 Anderaeitipe
819 780 892 832 wird
916 796 951 831 zu
979 781 1070 831 einem
1089 778 1242 847 Gegensatz
1261 795 1351 848 gagen
1368 780 1417 832 das

169 866 339 936 Natiirliche,
358 867 544 935 Vernitnftige
563 884 588 918 u.
606 883 626 919 s.
644 885 686 938 w.‚
715 869 767 920 wie
793 868 824 917 in
851 866 1009 935 perplexus⁷
1036 869 1174 934 perverto,
1203 865 1299 935 perdo,
1325 882 1417 936 pere0,

168 955 284 1023 perimo⁷
303 969 334 1005 so
351 955 381 1004 in
395 957 546 1018 *periuras.“

561 1472 1024 1605 Mfflmmmdl

397 1716 463 1771 De
490 1727 601 1771 voce
629 1714 939 1786 ‚‚antrq11us‘⁶
967 1715 1020 1772 ef.
1047 1731 1088 1783 p.
1116 1717 1186 1774 28.

272 1887 317 1938 Ex
341 1886 398 1938 hac'
415 1888 545 1955 inprimis
572 1889 765 1955 antiquiorum
791 1890 938 1957 poetarum
964 1891 991 1938 et
1015 1889 1184 1956 scriptorum
1212 1889 1412 1942 consuetudine

167 1975 275 2027 dicendi
309 1977 430 2044 glossam
458 1976 684 2028 obscurissimam
715 1974 796 2027 Pauli
822 1991 847 2043 p.
873 1974 912 2028 26.
939 1975 972 2027 M.
996 1977 1236 2044 interpretandam
1261 1993 1319 2030 esse
1342 1980 1412 2045 puto

168 2065 328 2130 „Antiquom
345 2067 451 2114 veteres
478 2064 563 2114 etiam
587 2062 638 2130 pro
663 2064 758 2115 omnia
781 2065 921 2130 posuere.“
959 2061 1022 2128 Quo
1045 2062 1107 2115 loco
1127 2063 1265 2131 scriptura
1285 2064 1411 2116 codicum

166 2165 263 2201 vocem
276 2150 477 2216 ineptissimam
490 2149 618 2216 praebet:
638 2150 739 2201 omnia.
767 2149 861 2216 Atque
875 2149 905 2201 Ο.
917 2147 1050 2201 llliillerus
1063 2151 1180 2202 coniecit
1193 2151 1284 2218 „apud
1294 2150 1412 2202 ¹Festum

165 2237 252 2287 fuisse
269 2239 352 2288 omine
370 2250 421 2303 pro
440 2239 549 2301 homine,
575 2239 601 2286 et
625 2235 841 2302 grammaticum
859 2235 889 2286 i'cl
907 2239 1024 2301 notasse
1049 2236 1126 2303 quod
1143 2237 1219 2304 apud
1236 2238 1411 2304 antiquiores

166 2325 250 2374 etiam
268 2322 397 2375 homines
421 2322 531 2389 antiqui
550 2321 689 2392 dicuntur,
713 2326 744 2372 ut
762 2325 826 2374 cives
844 2325 947 2388 antiqui
964 2322 1039 2390 apud
1057 2322 1233 2375 Pacuvium.“
1271 2323 1411 2392 Equidem

165 2410 267 2477 opinor
284 2408 398 2461 Festum
417 2406 545 2476 exempla
562 2407 721 2476 protulisse⁷
738 2407 788 2458 ubi
805 2423 863 2460 vox
892 2410 1055 2476 „antiquus“
1076 2408 1129 2460 hac
1153 2414 1222 2462 bonu
1239 2411 1267 2461 vi
1287 2410 1411 2478 praedita

163 2496 316 2566 legebatur,
334 2501 366 2548 ut
384 2511 426 2564 ap.
438 2495 537 2547 Pacuv.
555 2494 589 2546 80
603 2495 634 2546 R.
653 2497 724 2547 cives
742 2497 866 2565 antiqui3
886 2494 943 2547 Cic.⁸
955 2495 988 2549 R.
1000 2497 1034 2548 A.
1052 2501 1073 2561 §.
1086 2495 1119 2547 26
1137 2495 1265 2549 homines
1283 2499 1408 2566 antiqni3

164 2583 201 2636 ob
219 2598 337 2650 eamque
355 2599 414 2634 rem
433 2583 504 2633 lranc
528 2583 621 2650 potius
647 2582 814 2650 scripturam
833 2597 976 2650 propono:
1006 2584 1182 2650 „Antiquam
1200 2588 1306 2636 veteres
1325 2586 1410 2636 etiam

165 2683 217 2735 pro
236 2673 319 2734 probo
341 2671 425 2719 omine
449 2674 589 2735 posuere.“
638 2666 741 2720 Vocem
760 2673 859 2735 probus
882 2671 1056 2736 aptissimam
1081 2684 1139 2721 esse
1166 2685 1270 2741 censeo,
1307 2672 1410 2740 quippe

166 2767 251 2819 quam
269 2754 358 2805 scriba
375 2753 553 2806 antecedente
572 2754 777 2821 praepositione
796 2772 847 2821 pro
871 2753 1002 2806 inductus
1019 2754 1099 2806 facile
1117 2757 1338 2823 praetermittere
1363 2773 1410 2825 po·

164 2839 258 2889 tuerit.
292 2838 462 2893 Posteriores
480 2841 629 2908 scriptores
649 2837 721 2890 nihil
738 2840 794 2890 iam
813 2839 981 2891 discriminis
999 2842 1073 2892 inter
1092 2857 1172 2894 voces
1198 2844 1362 2910 „antiquus“
1382 2848 1410 2895 et

162 2929 275 2992 „vetus“
300 2928 416 2978 sensisse
439 2944 475 2979 ex
499 2927 562 2980 loco
587 2925 661 2994 apud
678 2925 848 2994 Eutropium
872 2925 906 2994 X,
924 2927 958 2978 10
981 2927 1179 2995 intelligimus:
1207 2930 1252 2981 vir
1265 2935 1362 2997 probus
1382 2934 1409 2983 et

163 3027 277 3065 morum
294 3022 424 3073 veterum
442 3018 537 3065 contra
554 3013 594 3066 Pl.
613 3011 690 3083 Capt.
707 3011 759 3064 401
778 3012 936 3065 adulescens
956 3016 1071 3080 antiquis
1089 3015 1225 3067 moribus.
