3158 4972
695 254 891 320 ..20-

166 421 246 504 pror.
268 421 309 507 43
331 422 423 505 capr.
439 423 502 489 eva
525 443 578 489 res
600 426 640 489 ac
661 428 823 511 senonen
845 427 1101 513 npre.11‚3‚v;
1126 430 1221 499 vm.
1245 409 1304 493 sn.
1326 428 1411 494 nen.
1490 432 1494 443 ’

167 528 229 589 509
254 528 374 591 Buech.
398 530 533 610 quicum
554 531 637 594 milri
658 549 719 594 nec
741 550 793 595 res
817 549 877 595 nec
899 533 1000 609 ratio;
1025 531 1126 597 Lucil.
1149 534 1264 614 fragm.
1288 533 1346 618 IX,
1368 533 1412 595 44

165 649 217 694 res
246 631 319 713 ipsa
347 651 387 695 ac
415 635 511 698 ratio.
533 671 576 681 -
599 635 708 701 Amm.
730 636 876 699 Marcell.
904 637 956 721 31,
980 637 1030 714 10,
1054 639 1096 699 15
1123 656 1176 700 res
1198 640 1411 718 rationesque

164 733 310 798 imitatus
333 736 495 801 Plautum'
512 740 566 802 vel
590 738 792 805 Ciceronem.
1205 800 1208 805 ,

268 838 321 902 Ad
354 858 542 905 sermonem
571 844 731 905 rusticum
758 849 882 924 spectat
909 845 1009 907 etiam
1036 845 1266 925 pleonasmus:
1300 864 1411 908 rursus

164 944 287 1023 reverti,
304 961 413 1024 quem
435 945 576 1026 legimus
599 964 629 1027 p.
652 946 692 1011 R.
716 947 789 1010 Am.
813 948 900 1024 §.41
924 948 962 1011 61.
986 948 1267 1012 Placentinae
1299 949 1412 1029 (plura

164 1046 321 1126 exempla
342 1047 474 1130 collegit
494 1049 581 1112 Brirr.
604 1048 650 1112 ad
669 1049 737 1113 Mil.
762 1050 861 1132 701);
884 1050 914 1114 b.
936 1051 1027 1132 Hisp.
1048 1050 1100 1128 40,
1125 1052 1145 1114 8
1168 1071 1281 1114 rursus
1303 1071 1411 1115 recur-

164 1150 227 1231 rit;
249 1150 378 1212 Petron.
400 1151 515 1232 fragm.
538 1152 623 1236 38,9
646 1152 686 1214 Β..
703 1172 816 1215 rursus
838 1153 958 1218 redire.
997 1196 999 1201 »

267 1255 419 1336 Denique
434 1256 617 1336 pleonasmi
634 1274 733 1318 causa
747 1257 857 1320 locum
873 1257 984 1334 affere,
1008 1259 1143 1338 quinon
1158 1262 1227 1321 tam
1244 1258 1410 1339 plebeium

165 1375 266 1440 quam
300 1359 465 1438 poeticum
499 1360 644 1425 colorem
678 1359 768 1423 ducit
796 1379 826 1442 p.
857 1359 986 1444 Quinct.
1017 1366 1042 1437 5.
1065 1362 1127 1425 38:
1161 1363 1220 1444 qui
1244 1379 1348 1443 usque
1371 1379 1411 1423 eo

157 1464 278 1543 fervet
304 1465 487 1548 ferturque
515 1465 655 1527 avaritia
683 1465 720 1527 cl.
744 1462 809 1526 Att.
831 1463 898 1528 450
920 1464 959 1528 R.
983 1482 1038 1528 cor
1061 1466 1111 1528 ira
1133 1466 1231 1527 fervit
1263 1481 1406 1545 caecum,
1433 1495 1435 1500 ·

163 1569 309 1631 amentia
330 1571 441 1650 rapior
463 1569 637 1653 ferorque3
660 1569 737 1632 Hor.
761 1588 810 1650 ep.
832 1569 858 1652 I,
884 1569 965 1648 1,33
990 1571 1095 1633 fervet
1117 1570 1267 1633 avaritia.

242 1667 295 1736 ’2.
340 1673 505 1737 Sermonis
545 1658 700 1753 vulgaris'
728 1677 776 1735 est
810 1671 919 1737 verbis
950 1672 1073 1757 facere,
1115 1693 1234 1757 cupere,
1275 1671 1407 1736 reddere

162 1776 393 1859 similibusque
408 1778 456 1838 uti
471 1775 514 1838 ad
530 1776 710 1840 locutiones
733 1776 929 1840 efficiendas.
976 1778 1025 1840 Aa
1046 1778 1152 1841 verba
1169 1778 1410 1859 coniugationis

162 1880 187 1943 I.
222 1881 264 1944 ab
298 1880 469 1944 adiectivis
502 1881 537 1942 in
564 1900 602 1943 us
630 1879 854 1968 desinentibus
884 1880 1035 1944 derivata
1063 1881 1096 1942 in
1124 1882 1230 1962 prisco
1259 1899 1410 1945 sermone

162 1985 403 2048 intransitivum
434 1985 504 2047 viru
534 1984 689 2048 habuisse
725 1988 757 2046 et
790 1985 1002 2066 sequentibus
1037 1983 1172 2048 demum
1205 1986 1410 2066 temporibus

162 2090 334 2152 transitiva
366 2089 455 2151 faeta
485 2106 557 2151 asse
586 2087 799 2150 subtilissime
830 2087 970 2151 ostendit
996 2089 1036 2152 H.
1057 2089 1217 2152 Mullerns
1239 2091 1274 2152 in
1298 2090 1410 2155 libello

162 2211 242 2256 suo:
267 2190 518 2274 „degeneribus
533 2186 647 2254 verbi“
673 2209 702 2271 p.
718 2188 759 2254 38
783 2191 995 2269 (Graiiswald
1013 2192 1114 2272 1864)
1129 2215 1137 2276 3
1159 2193 1264 2255 veluti
1279 2191 1410 2258 tardare

162 2298 206 2361 ab
228 2298 392 2361 adiectivo
427 2295 540 2360 turdus
571 2296 605 2358 in
633 2295 739 2376 prisco
771 2311 923 2359 sermone
955 2296 1160 2376 significabat
1182 2294 1312 2359 tardum
1338 2317 1408 2376 esse,

163 2405 199 2464 ut
222 2400 338 2465 Cicero
360 2402 465 2466 semel
488 2400 568 2464 dicit
587 2398 783 2463 tardandum
807 2419 868 2463 6666
890 2398 934 2462 ad
950 2399 1015 2463 Att.
1039 2400 1093 2480 VI,
1114 2401 1143 2482 7,
1155 2401 1182 2477 2,
1204 2400 1259 2462 vel
1274 2399 1410 2462 Plautus

163 2504 283 2569 durare
305 2534 349 2560 =
372 2505 492 2569 durum
525 2522 605 2568 esse.
650 2503 703 2568 Ad
736 2504 907 2567 transitiva
940 2503 1112 2568 efficienda
1144 2505 1268 2585 priscus
1298 2521 1406 2566 sermo

162 2610 317 2674 utebatur
332 2610 436 2674 verbo
451 2607 574 2694 facere,
598 2609 702 2672 veluti
725 2606 842 2671 durum
856 2605 980 2691 facere,
1004 2615 1127 2672 rustum
1150 2606 1182 2691 f.
1204 2636 1248 2661 =
1268 2612 1410 2693 vastare,

162 2714 306 2776 eductum
320 2711 353 2796 f.
375 2713 591 2776 :sauciare
613 2710 699 2792 (Cat.
727 2714 841 2794 fragm.
867 2712 959 2776 Jord.
983 2712 1034 2790 19,
1050 2712 1090 2790 93
1114 2711 1236 2775 Sisenn.
1259 2730 1310 2793 ap.
1325 2711 1410 2776 Non.

162 2813 212 2894 80,
225 2818 265 2895 53
288 2816 414 2898 Turpil.
425 2835 475 2897 ap.
491 2817 574 2880 Non.
590 2815 663 2894 398,
680 2817 719 2894 5;
743 2816 790 2878 Pl.
810 2817 899 2879 Pers.
915 2816 1043 2898 1,124;
1067 2816 1096 2879 b.
1117 2815 1185 2879 Alr.
1206 2816 1268 2899 703
1291 2813 1413 2880 Cicero.

162 2921 266 2985 semel
281 2922 315 2983 in
330 2939 376 2985 or.
389 2940 419 3003 p.
437 2921 522 2984 Tull.
541 2925 568 2997 §.
592 2922 658 2999 55).
693 2919 844 3003 Quorum
862 2917 1029 3002 quaedam
1052 2921 1152 2982 etiam
1174 2921 1207 2982 in
1222 2938 1410 2984 sermonem

161 3026 539 3109 urbanumirrepsernnt‚
548 3029 584 3088 ut
592 3026 755 3090 certiorem
768 3024 905 3108 aliquem
910 3006 1025 3108 sonere
1031 3023 1072 3103 *).
1096 3023 1219 3088 Similis
1227 3025 1350 3088 locutio
1363 3037 1411 3086 est

154 3129 269 3212 secere
302 3128 425 3214 aliquid
458 3137 577 3194 certum
610 3130 717 3211 alicui,
752 3133 788 3191 ut
821 3129 928 3193 Plaut.
956 3128 1041 3192 Men.
1078 3128 1162 3208 2423
1195 3127 1313 3191 Pseud.
1345 3127 1407 3188 577

162 3235 298 3312 (certius
319 3234 403 3299 Men.
428 3235 515 3314 763).
559 3233 731 3298 Eiusmodi
752 3234 951 3298 locutionem
972 3234 1158 3297 invenimus
1180 3232 1327 3294 maxime
1349 3229 1410 3291 fre-

162 3342 354 3420 quentatam
372 3341 407 3401 in
418 3337 585 3403 Ciceronis
600 3338 765 3420 prioribus
780 3337 873 3401 libris
890 3341 923 3400 et
937 3338 1148 3418 orationibus,
1169 3335 1275 3414 magis
1292 3335 1410 3413 magis·

53 3525 56 3528 ,
162 3460 228 3524 que
247 3444 409 3507 rariorem
424 3444 458 3505 in
472 3443 723 3523 posterioribus:
745 3441 881 3524 planum
902 3439 1017 3526 facee
1030 3437 1157 3522 aliquid
1181 3437 1280 3499 alicui
1295 3464 1339 3489 =
1354 3454 1410 3499 ex·

158 3546 298 3628 planare
306 3565 336 3628 p.
347 3545 474 3629 Quinct.
486 3552 511 3623 ς.
525 3548 575 3610 78.
587 3548 647 3626 86;
664 3565 693 3628 p.
705 3547 744 3609 R.
752 3546 826 3608 Am.
839 3545 881 3607 54
889 3545 979 3622 (bis).
994 3543 1044 3606 58.
1058 3543 1107 3605 65.
1121 3543 1202 3623 1013
1220 3539 1409 3605 inVerrinis

163 3651 373 3731 saepissime3
396 3649 437 3713 de
447 3652 567 3715 invent.
578 3650 603 3734 Ι,
615 3650 666 3713 92.
678 3649 729 3712 98.
741 3648 806 3711 100
818 3646 954 3726 (Oor'nii.
965 3646 1051 3731 11‚5;
1063 3645 1211 3730 1v‚„37);
1234 3648 1409 3725 praeterea

68 3758 72 3764 “
164 3754 252 3836 apud
284 3754 412 3818 Lucret.
452 3755 495 3839 ΙΙ,
518 3755 584 3818 934
616 3759 649 3817 et
680 3751 769 3833 apud
791 3749 948 3814 Plautum
981 3751 1015 3814 in
1047 3748 1225 3832 proverbio
1255 3748 1409 3831 quodam,

164 3862 222 3940 qui
243 3877 321 3920 usus
337 3858 555 3938 proverbialis
569 3857 679 3920 nescio
698 3875 741 3919 an
755 3855 900 3945 nonnihil
924 3855 1080 3938 effecerit,
1101 3857 1138 3917 ut
1163 3854 1244 3916 haec
1265 3853 1410 3917 formula

163 3963 372 4025 retineretur:
388 3962 455 4026 Mil.
468 3959 669 4025 1018166160
679 3959 777 4039 quo
790 3960 837 4020 mi
850 3976 893 4021 ex
905 3957 1044 4039 proclivi
1054 3959 1206 4039 planum;
1223 3957 1310 4021 [tud.
1323 3956 1408 4020 1132

268 4222 297 4292 *J
327 4223 468 4288 positivum
494 4216 630 4285 legimus:
660 4216 749 4269 Pluut.
773 4215 872 4268 Pseud.
890 4215 931 4268 16.
949 4215 1032 4286 10793
1060 4213 1143 4282 Verg.
1161 4215 1233 4267 Aen.
1243 4208 1297 4284 ΠΙ,
1313 4229 1338 4264 v.
1357 4209 1409 4263 179

165 4319 262 4362 certum
284 4309 374 4360 faeere
396 4327 431 4349 =
455 4308 566 4374 certare,
593 4307 626 4355 ut
652 4308 777 4356 incorum
800 4304 819 4356 f.
841 4326 877 4348 =
903 4305 1045 4373 insertare,
1072 4301 1148 4370 quod
1175 4296 1296 4354 verbum
1319 4301 1411 4349 exstat

163 4394 264 4449 Pacnv.
281 4395 333 4447 150
350 4394 382 4448 a.
400 4398 428 4446 et
445 4393 486 4445 Pl.
504 4391 584 4460 Epid.
603 4391 650 4460 lv,
668 4392 692 4461 1,
713 4390 747 4441 18
765 4391 859 4473 longe!
868 4389 934 4444 Dies
957 4406 1051 4443 meum
1068 4391 1188 4441 incartet
1204 4389 1339 4440 animum.
