3158 4972
689 285 796 348 --9
841 320 883 330 -

167 486 169 491 v
268 455 318 520 Ae
333 456 374 520 de
393 458 628 521 sententiarum
643 455 871 544 redundantia,
895 460 1002 542 qualis
1024 461 1058 522 in
1073 456 1239 523 Ciceronis
1261 459 1409 522 oratione

163 581 193 643 p.
217 559 297 624 Sext
320 562 414 625 Rose.
438 561 550 626 Amer.
573 566 739 644 appareat,
763 561 942 644 disputavit
964 564 1001 627 A.
1017 562 1144 643 Njkqn)
1166 564 1221 640 ita,
1251 567 1287 626 ut
1307 563 1410 625 nimie

163 666 215 729 sui
236 664 350 728 iudicii
373 666 505 729 lieentia
535 669 616 730 milri
640 667 804 750 quaedam
828 670 1016 750 vituperare
1044 667 1195 731 videatur
1217 667 1309 730 velut
1330 668 1410 748 sip.

165 770 206 832 12
230 768 272 832 de
300 787 369 850 cap.
392 769 475 832 XXI
498 772 596 833 huius
628 771 782 834 orationis
811 771 889 833 dicit
918 775 1043 850 ,totum
1073 772 1136 834 hoe
1164 776 1262 851 caput
1291 771 1410 833 melius

165 873 324 936 omissum
342 876 458 936 esset.“
503 873 571 936 Nos
593 873 843 937 redundantiam
867 877 1047 956 praecipue
1069 875 1248 937 verborum
1271 878 1303 936 et
1324 874 1411 937 locu-

164 978 298 1054 tionum,
330 977 437 1059 qualis
460 982 608 1040 occurrat
630 978 723 1041 uobis
746 978 779 1039 in
803 978 932 1043 duabus
953 979 1019 1041 illis
1042 978 1252 1062 orationibus,
1280 980 1411 1060 perqui-

165 1098 240 1144 rere
260 1081 294 1141 in
317 1083 427 1144 auimo
450 1082 611 1145 habemus
640 1086 741 1165 atque
771 1082 814 1145 ad
835 1082 1031 1145 illustranda
1052 1086 1169 1159 cetera,
1203 1099 1290 1164 quae
1311 1100 1411 1163 supra

167 1186 511 1267 commemoravimus
534 1187 648 1248 Asiani
664 1188 765 1250 moris
781 1188 863 1249 vitia
877 1186 1034 1248 nonnulla
1056 1190 1182 1249 tantum
1205 1187 1412 1265 gravissima·

166 1307 231 1372 que
253 1289 409 1369 exempla
433 1289 619 1353 afferamus.

268 1392 364 1476 Quae
386 1392 606 1456 redundantia
630 1393 792 1457 eiusmodi
817 1399 873 1472 est,
906 1399 1005 1457 ntea
1028 1411 1113 1475 quae
1136 1395 1268 1474 proprie
1290 1395 1413 1475 signari

109 1555 112 1560 .
164 1497 459 1578 poterantduobus
483 1498 534 1560 vel
558 1499 708 1578 pluribus
731 1498 842 1562 verbis
864 1498 1096 1578 significentur.
1140 1497 1189 1560 Ao
1212 1499 1412 1561 continuatur

60 1688 62 1692 .
164 1601 239 1663 talis
263 1601 466 1681 repetitionis
489 1602 645 1682 exempla
667 1606 742 1663 sunt
763 1622 793 1683 p.
816 1600 945 1684 Quinct.
968 1607 992 1678 ἕ.
1016 1603 1076 1664 10:
1099 1600 1210 1684 Quum
1234 1605 1280 1663 tot
1303 1602 1413 1664 tantis-

165 1723 230 1791 que
248 1704 497 1768 diffioultatibus
513 1703 658 1788 adfectus
673 1710 774 1786 atque
789 1704 937 1789 adflictus
951 1707 984 1767 in
1000 1710 1091 1768 tuam
1106 1705 1215 1788 fiotum,
1240 1707 1410 1783 ueritatem,

165 1807 418 1872 misericordium
443 1807 614 1890 Quinctius
638 1809 827 1893 confugerit,
858 1829 961 1892 quum
991 1809 1101 1872 adhuc
1130 1810 1161 1871 ci
1188 1815 1321 1890 propter
1343 1810 1412 1872 vim

166 1911 431 1975 adversariorum
465 1929 529 1974 uon
562 1914 612 1975 ius
643 1933 720 1995 pun,
756 1930 820 1975 non
854 1913 973 1994 agendi
1006 1917 1149 1995 potestas
1184 1912 1302 1994 eudem,
1348 1932 1412 1977 uon

161 2017 375 2097 magistratus
399 2036 516 2100 aequus
539 2017 679 2096 reperiri
701 2017 853 2100 potuerit,
876 2036 980 2098 quum
1002 2019 1033 2080 ei
1049 2036 1212 2080 summam
1228 2036 1288 2098 per
1302 2019 1413 2080 iniuri-

90 2164 93 2169 -
167 2138 222 2183 am
244 2121 355 2184 omnia
377 2121 508 2184 inimico
532 2123 633 2201 atque
655 2119 774 2204 infectu
798 2121 927 2204 fuerint,
951 2124 991 2197 te,
1014 2119 1048 2184 Ο.
1064 2120 1178 2203 Aquili
1201 2139 1332 2205 vosque,
1356 2123 1413 2204 qui

165 2225 199 2287 iu
222 2225 356 2288 oonsilio
379 2224 508 2302 adestis,
531 2230 603 2287 orut
625 2228 727 2306 atquc
749 2223 896 2300 obsecret,
920 2227 955 2285 ut
977 2224 1088 2285 multis
1110 2225 1237 2287 iniuriis
1260 2226 1411 2289 luctatum

168 2333 270 2411 atque
281 2330 436 2413 epitetum
446 2329 647 2410 aequitatem
661 2329 694 2389 iu
707 2329 768 2390 hoc
779 2326 911 2389 tandem
925 2328 996 2389 loco
1007 2329 1172 2391 consistere
1184 2332 1217 2391 et
1228 2329 1413 2412 confirmari

166 2431 414 2516 patiaminiffi)
448 2433 491 2496 ib.
514 2437 539 2508 ἕ.
562 2432 623 2494 47:
652 2430 914 2513 extorquendum
940 2435 989 2494 est
1010 2432 1109 2495 inuito
1133 2437 1233 2514 atque
1255 2435 1411 2518 inprutiis,

115 2512 121 2531 ⁸
168 2536 257 2618 quod
290 2552 355 2600 non
385 2535 483 2600 debet
505 2535 703 2619 eripiendum
724 2540 825 2616 atque
848 2534 1087 2618 exprimendum
1112 2542 1178 2600 est:
1213 2537 1255 2600 de
1276 2539 1413 2600 fortunis

167 2641 319 2704 omnibus
334 2639 505 2723 Quinctius
526 2638 749 2703 deturbandus
765 2644 828 2702 est:
848 2643 1004 2723 potentes,
1020 2641 1141 2724 diserti,
1156 2642 1283 2706 nobiles
1300 2659 1413 2705 omnes

167 2725 352 2808 advocandi
367 2749 462 2807 sunt:
485 2743 674 2807 adhibenda
690 2744 738 2806 vis
762 2748 811 2806 est
835 2744 984 2808 veritati:
1010 2746 1120 2808 minae
1142 2747 1306 2826 iactentur,
1330 2745 1414 2825 peri·

168 2848 243 2910 cula
263 2847 481 2930 intunduntur,
512 2846 704 2911 formidines
732 2855 944 2930 opponuntur,
977 2852 1013 2911 ut
1041 2850 1082 2911 iis
1109 2850 1208 2913 rebus
1235 2847 1413 2931 aliquando

55 2964 60 2971 ·
167 2952 266 3015 nictus
282 2956 314 3015 et
333 2954 522 3035 perterritus
543 2954 665 3033 ipsese
681 2952 807 3015 dedat?
843 2951 939 3034 Quae
955 2953 1145 3015 mehercule
1168 2953 1286 3028 omnia,
1310 2972 1413 3035 quum

167 3057 225 3137 qui
258 3059 371 3119 contra
398 3061 543 3138 pugnent
580 3051 668 3120 uideo
699 3060 731 3119 et
761 3075 865 3139 quum
895 3057 989 3119 illum
1021 3074 1207 3121 consessum
1242 3055 1411 3135 considero,

166 3157 273 3224 udussu
304 3164 404 3241 atque
434 3160 614 3244 impendum
645 3159 797 3223 videntur
827 3179 938 3243 neque
965 3162 1061 3224 nitori
1091 3161 1159 3224 ullo
1188 3159 1288 3224 modo
1310 3177 1414 3241 posse.

168 3263 281 3347 Quum
317 3269 427 3328 autem
463 3265 506 3328 ad
528 3272 571 3349 te,
604 3263 639 3328 O.
662 3264 784 3346 Aquili,
820 3265 924 3328 oculos
957 3266 1158 3349 animumque
1190 3264 1311 3346 rettuli,
1347 3280 1412 3345 quo
1447 3329 1449 3334 .

168 3370 294 3433 maiore
310 3376 425 3433 conatu
440 3369 603 3453 studioque
618 3373 768 3450 aguntur,
792 3386 831 3433 eo
848 3368 966 3433 leuium
984 3369 1233 3453 infirmioraque
1252 3367 1413 3430 existimo.

271 3493 301 3555 p.
324 3473 363 3538 lt
381 3474 453 3537 Am.
476 3479 500 3550 §.
516 3474 598 3536 117:
622 3472 665 3534 At
688 3489 767 3535 vero
790 3472 827 3536 T.
842 3473 979 3536 Roscius
1002 3522 1008 3537 .
1031 3522 1038 3536 .
1061 3523 1068 3537 .
1091 3519 1098 3534 .
1121 3490 1240 3536 novem
1265 3471 1413 3534 homines

168 3577 374 3656 fortissimos,
410 3576 560 3641 eiusdem
595 3577 750 3652 munemc,
786 3576 966 3661 lequtioniS,
1000 3575 1102 3660 officii
1132 3574 1413 3658 mandatorumque

170 3682 273 3744 socios
295 3681 432 3764 induruit,
461 3681 590 3765 decepit,
624 3679 774 3764 destituit,
799 3680 997 3744 adversariis
1020 3680 1161 3759 tradidit,
1185 3680 1272 3742 omni
1293 3677 1413 3762 frunda

172 3788 206 3848 et
222 3785 363 3870 perfidio
378 3784 504 3871 fefellit
527 3789 585 3849 etc.
673 3833 675 3837 ,

273 4084 303 4154 ὕ)
337 4083 563 4137 Redundentiam
587 4083 741 4137 iuvenilem
770 4085 800 4135 in
825 4082 878 4136 Cic.
900 4100 939 4136 or.
961 4099 986 4152 p.
1005 4085 1030 4136 S.
1048 4084 1128 4135 Rosc.
1147 4084 1209 4138 Am.
1235 4086 1414 4152 apparentem

168 4172 278 4223 notavit
296 4170 341 4223 Al.
359 4169 435 4236 Nilrl,
455 4171 589 4240 Campod.
607 4171 682 4223 1836.

273 4258 318 4328 us)
354 4259 385 4310 cf.
404 4258 524 4310 similem
542 4259 636 4310 locum
656 4258 853 4327 Vergilianum
872 4257 941 4309 Aen.
959 4256 980 4326 Ι,
1000 4275 1025 4309 v.
1042 4257 1101 4310 628.
1118 4257 1183 4309 629:

271 4344 315 4397 Me
333 4359 447 4412 quoque
464 4361 514 4414 per
532 4351 625 4399 multoe
642 4346 741 4399 similis
758 4346 873 4397 fortuna
889 4343 998 4396 labores

273 4435 406 4486 Juctutum
423 4431 474 4484 hac
494 4433 609 4486 demum
627 4431 718 4485 voluit
738 4436 872 4486 consistere
889 4434 970 4483 terra.
