3158 4972
670 1160 796 1288 Pare
815 1163 895 1289 ii.

237 1623 240 1630 '
269 1619 314 1688 lie
337 1621 505 1706 poetarum
530 1618 670 1689 lectione
694 1619 722 1688 in
747 1618 915 1691 ciceronis
937 1635 1088 1691 sermone
1112 1617 1301 1706 conspicua.

266 2034 477 2119 Quamquam
500 2035 615 2101 Cicero
645 2055 774 2101 summo
804 2037 910 2101 studio
940 2041 1040 2119 atque
1067 2037 1183 2109 labore
1211 2036 1245 2098 in
1273 2034 1413 2100 Graecis

161 2139 307 2220 legendis
329 2141 532 2226 versabatur,
554 2146 664 2205 tamen
688 2160 751 2206 non
774 2142 1003 2206 contemnebat
1017 2141 1159 2216 Latinos,
1181 2138 1240 2202 sed
1257 2138 1405 2218 pluribus

161 2243 240 2305 loeis
264 2248 503 2325 contemptores
525 2245 599 2308 illos
621 2248 780 2310 sermonis
803 2248 900 2327 patrii
922 2247 1102 2326 vituperat
1134 2245 1211 2328 „qui
1240 2261 1275 2305 se
1298 2241 1407 2309 dicant

161 2348 194 2408 in
218 2346 351 2425 Graecis
373 2348 520 2429 legendis
543 2367 678 2430 operam
704 2350 804 2413 malle
827 2367 1020 2413 consumere
1044 2349 1111 2426 (tin.
1133 2345 1217 2429 I,l)“
1248 2364 1308 2409 nec
1330 2346 1407 2407 satie

162 2449 306 2513 eruditos
322 2469 377 2514 eos
393 2454 547 2535 nominat,
569 2453 689 2534 quibus
704 2453 842 2516 Latinae
858 2454 988 2515 litterae
1004 2454 1136 2533 ignotae
1152 2456 1226 2514 sunt
1240 2451 1275 2529 (l.
1289 2451 1309 2514 l.
1325 2454 1350 2526 §-
1364 2449 1409 2528 5).

163 2557 272 2638 Atque
294 2554 410 2620 (liceto
432 2560 556 2640 quanta
578 2556 747 2638 diligentia
769 2564 960 2641 quantoque
975 2576 1089 2621 amore
1104 2552 1300 2620 domesticos
1317 2556 1408 2619 labu-

162 2660 272 2723 larum
294 2662 466 2742 scriptores
490 2662 614 2746 legerit‚
644 2667 781 2743 apparet
804 2681 847 2725 ex
870 2661 1077 2725 multitudine
1100 2662 1256 2738 locorum,
1289 2660 1410 2742 quibus

164 2744 286 2826 versus
303 2765 432 2847 aliquos
462 2783 505 2828 ex
535 2766 574 2827 iis
604 2767 734 2846 profert.
746 2763 779 2846 *)
824 2765 911 2849 Quin
944 2768 1024 2829 haec
1055 2766 1152 2828 lectio
1183 2769 1307 2828 tantam
1341 2764 1408 2851 vim

163 2868 279 2930 habuit
300 2867 341 2930 ad
366 2866 532 2932 Ciceronis
554 2887 750 2948 sermonem,
773 2874 810 2932 ut
831 2870 936 2932 multa
959 2870 992 2931 in
1014 2886 1053 2932 eo
1076 2869 1293 2946 inveniantur,
1324 2885 1411 2949 quae

163 2971 240 3036 iude
261 2974 379 3036 hausta
400 2977 482 3037 eunt.
526 2971 628 3036 Cuius
650 2975 698 3037 rei
714 2975 870 3055 exempla
884 2975 1062 3055 praecipue
1079 2975 1111 3035 in
1127 2974 1289 3055 prioribus
1305 2977 1409 3054 operi-

105 3100 108 3107 *
165 3077 225 3140 bus
248 3075 467 3160 suppeditare,
482 3095 524 3140 ex
541 3095 580 3141 eo
598 3078 802 3160 intelligitur,
825 3077 913 3159 quod
929 3083 1000 3140 tum
1016 3077 1280 3140 adulescentulus
1296 3075 1410 3140 Cicero

164 3198 316 3244 sermone
338 3180 481 3244 nondum
505 3182 582 3249 satis
605 3181 735 3244 exculto
758 3200 797 3244 ac
819 3181 981 3262 perpolito
1002 3180 1114 3269 aliena
1136 3180 1238 3244 verba
1262 3183 1295 3242 et
1313 3195 1410 3241 voees

165 3286 433 3368 persequebatur.
479 3283 575 3368 Quae
596 3286 731 3350 imitatio
755 3286 863 3368 qualis
886 3288 927 3348 sit
949 3287 983 3348 in
1007 3286 1057 3348 his
1080 3285 1281 3348 orationibus
1300 3284 1333 3344 in
1349 3283 1411 3344 hac

166 3390 268 3454 attero
292 3395 384 3471 parte
406 3389 694 3454 demonstrandum
719 3395 776 3455 est.
1375 3407 1377 3411 ’

270 3495 311 3557 Et
331 3497 476 3576 primum
500 3514 555 3559 eos
578 3496 666 3559 locos
689 3494 875 3572 afferamus,
910 3494 1029 3576 quibus
1052 3493 1222 3558 sententias
1248 3489 1410 3573 quasdam

168 3605 200 3663 et
218 3599 387 3682 prouerbio
412 3617 455 3662 ex
477 3599 542 3662 illis
564 3598 695 3675 inducit,
729 3602 797 3660 turn
822 3599 967 3680 singulas
998 3597 1167 3661 locutiones
1196 3601 1229 3659 et
1251 3594 1410 3677 vocabulo,

168 3720 255 3786 quae
277 3703 354 3765 inde
375 3704 522 3784 profecta
543 3703 704 3766 videntur.

169 4001 582 4017 u—ss—*u———a

274 4173 302 4243 *J
338 4171 520 4240 Tragicorum
547 4175 695 4240 poetarum
721 4170 861 4238 imprimis
887 4173 1005 4224 Ennium
1030 4171 1179 4240 adamavit,
1208 4187 1292 4239 quem
1321 4184 1343 4220 c.
1364 4167 1415 4219 160

169 4259 237 4312 locis
255 4262 321 4311 citat
338 4261 371 4312 cl.
388 4259 486 4328 Hoppe
515 4258 571 4326 „Zu
596 4259 649 4310 den
668 4257 851 4325 Fragmenten
876 4259 934 4309 und
953 4259 1003 4310 der
1021 4259 1143 4328 Sprache
1161 4258 1294 4312 Ciceros.“
1329 4254 1413 4307 (lum-

171 4347 274 4398 binnen
293 4345 368 4398 1875.
387 4363 412 4415 p.
442 4347 465 4398 5,
