3158 4972
676 235 872 298 ...24-

36 466 45 496 ,
154 408 193 471 cf.
216 407 265 470 Pl.
289 407 378 477 Pers,
394 407 450 484 IV,
475 407 503 484 2,
519 408 559 470 4:
581 368 638 471 sed
663 407 755 471 satin’
772 409 848 471 estis
870 407 1046 471 meditati?
1073 408 1205 490 Tragici
1227 409 1259 472 et
1273 404 1400 470 Comici

155 529 451 592 nunquam-aeque
479 515 554 574 sunt
575 510 734 575 meditati.
777 510 893 576 Cicero
916 514 1002 576 hanc
1023 513 1200 577 formulam
1222 514 1255 576 iu
1277 530 1399 577 sermo·

153 631 232 680 narn
263 634 360 678 sunm
394 616 510 691 asciuit
540 619 640 698 atque
670 617 703 679 in
733 616 936 680 orationibus
971 604 1157 697 reperimus
1189 618 1264 680 tris:
1298 635 1328 698 p.
1357 614 1399 698 Q.

154 722 179 793 §.
202 718 265 801 393
299 713 393 782 Vcrr.
415 718 457 795 Π,
489 723 514 795 §-
538 720 578 781 17
609 726 748 802 paratus
779 720 1006 804 meditatusque
1028 721 1156 801 Μήνα
1184 722 1227 785 ib.
1249 721 1266 784 I
1288 725 1312 798 §.
1338 721 1399 784 103

154 816 297 887 meditati
314 824 486 907 paratique
508 824 670 906 acuimus;
705 830 877 905 practerea
899 824 942 888 de
964 826 1026 906 leg.
1049 825 1074 910 Ι,
1089 825 1119 909 4,
1136 827 1177 888 12
1206 833 1345 909 paratus
1372 831 1400 888 ct

154 925 323 990 meditatus
361 926 522 991 accedere
566 931 599 989 ct
633 927 720 1009 apud
754 929 960 991 Lactantium
1000 926 1165 992 Ciceronis
1201 930 1401 992 imitatorem

156 1032 233 1093 Div.
255 1031 321 1114 1,.ῑὸΙ
348 1031 409 1107 §.9
431 1029 609 1093 meditatus
625 1040 761 1094 venerat
783 1049 823 1093 ac
844 1037 987 1112 paratus.
1031 1032 1224 1094 Formulam
1248 1039 1401 1115 „paratus

154 1136 280 1199 centru‘
312 1135 500 1197 invenimus
522 1135 617 1199 Verr.
638 1135 671 1196 ΙΙ
694 1139 721 1209 §-
743 1136 794 1197 37.
817 1135 879 1217 913
901 1135 971 1216 Lig.
995 1136 1035 1217 13
1066 1153 1115 1216 ep.
1137 1136 1216 1197 sam.
1239 1137 1281 1220 X,
1297 1138 1348 1221 ι12,
1362 1138 1401 1218 43

154 1239 230 1323 XII,
252 1238 284 1315 2,
308 1239 338 1320 1,
360 1239 399 1301 cs.
421 1238 516 1302 Varr.
538 1259 563 1301 r.
587 1259 611 1301 r.
634 1239 660 1317 Ι,
684 1241 722 1320 53
756 1239 831 1302 Ter.
856 1238 955 1304 Andr.
978 1238 1058 1321 9093
1080 1239 1123 1302 ib.
1145 1239 1210 1301 406
1233 1238 1401 1303 meditatus

154 1344 261 1410 uenire
271 1366 283 1425 ;
306 1343 355 1405 Pl.
378 1342 467 1406 Trin.
490 1341 665 1425 8173Mi1.
688 1343 746 1420 ΙΙΙ,
763 1339 792 1418 3,
809 1343 850 1403 29
874 1341 1071 1404 meditatum
1093 1343 1234 1408 mittero.
1279 1343 1402 1407 Similis

143 1447 297 1517 ¹formula
319 1450 387 1511 est:
418 1453 554 1530 paratus
585 1452 678 1530 utque
709 1447 889 1527 instructus,
926 1464 1028 1528 quam
1057 1446 1199 1528 legimus
1221 1443 1287 1510 Cic.
1310 1447 1339 1509 V
1340 1465 1402 1510 err.

154 1551 226 1635 I,§.
250 1552 290 1634 73
314 1550 391 1614 Sall.
415 1546 680 1636 h.1,74‚2;iu
704 1552 755 1626 53,
779 1549 1400 1634 5;Liv.111,14,4;xxxlv‚28,8

157 1672 281 1737 eosque
304 1656 450 1718 imitatus
473 1656 582 1719 Amm.
604 1655 705 1718 Marc.
727 1652 868 1732 XXVII,
899 1654 929 1738 2,
952 1655 970 1717 1
996 1655 1170 1717 instructus
1193 1658 1402 1736 paratusque.

45 1840 48 1846 Ι
155 1758 303 1822 Eandem
338 1760 405 1822 vim
441 1739 547 1823 habet'
574 1760 718 1823 formula
744 1758 859 1843 fuctus
892 1761 1121 1843 institutusque,
1158 1777 1208 1840 ep.
1247 1757 1299 1822 ad.
1331 1748 1401 1820 'Aa

155 1863 196 1941 11,
220 1864 270 1941 24,
293 1864 322 1927 3.

261 1969 289 2030 5.
334 1967 387 2030 Ex
408 1971 582 2048 poctarum
606 1969 746 2032 lectione
768 1969 879 2032 locum
902 1968 936 2030 iu
959 1971 1039 2031 orat.
1063 1987 1093 2048 p.
1113 1965 1175 2049 Qu.
1197 1972 1221 2044 5.
1244 1968 1285 2030 62
1308 1968 1404 2030 inter·

156 2071 354 2152 protundum
390 2074 489 2152 puto:
535 2071 597 2156 „At
632 2072 706 2154 quis
741 2077 812 2136 erat
844 2073 1064 2154 procurator?
1108 2070 1217 2136 Credo
1255 2072 1403 2153 aliquem

156 2176 284 2238 eiectum
306 2176 485 2257 homiuem,
508 2181 654 2259 epactam,
676 2176 865 2258 litigiosum,
888 2176 1078 2263 improbum
1173 2175 1264 2240 Nihil
1287 2176 1403 2238 minus.

155 2278 265 2361 Eques
299 2279 468 2342 Romanus
500 2279 707 2360 locuples..
732 2277 759 2341 .“
808 2297 874 2362 quo
904 2279 977 2343 loco
1011 2280 1212 2360 vocabulum
1249 2278 1400 2357 „uicctus“

154 2400 219 2446 non
241 2387 331 2446 recte
352 2383 525 2466 intelliges,
547 2384 609 2446 nisi
633 2384 880 2464 comparaveris
903 2385 1013 2469 locum
1028 2384 1216 2475 Plautinum
1230 2381 1316 2445 Rud.
1337 2382 1403 2445 409

156 2485 295 2565 timidas,
330 2492 458 2571 epactes
493 2488 605 2552 ciectus
640 2492 673 2550 et
702 2488 930 2569 Vergilianum
965 2488 1048 2551 Aen.
1081 2487 1137 2571 IV,
1154 2527 1156 2530 >
1171 2483 1234 2549 373
1270 2486 1399 2550 eiectum

74 2638 91 2679 ·.
153 2591 284 2685 littores
312 2599 448 2674 egentem
479 2593 615 2676 excepi3
650 2592 770 2675 quibus
802 2611 844 2656 ex
872 2593 952 2656 locis
975 2592 1217 2674 apparethaec
1239 2589 1405 2654 adiectiva

34 2712 56 2789 j,
119 2692 272 2776 :poetas
287 2714 355 2784 pua
376 2714 499 2778 ponere
522 2698 639 2762 solere.
682 2697 801 2780 Neque
823 2698 905 2760 haec
926 2716 990 2761 vox
1013 2697 1176 2776 „eiectus“
1199 2695 1405 2776 significatio·

1 2806 26 2843 ·³‘
157 2818 232 2863 nem
257 2802 347 2865 vocis
374 2801 576 2866 abiectus:
597 2804 768 2884 improbus
792 2802 898 2878 habet,
932 2801 988 2865 scd
1012 2807 1049 2863 ut
1071 2819 1114 2864 ex
1136 2800 1306 2863 coniuncto
1329 2818 1405 2862 cum

7 2988 13 2997 ᾗ
44 2900 51 2917 ”
157 2921 198 2966 ea
212 2903 375 2969 adiectivo
400 2910 539 2987 „egens“
564 2912 595 2971 et
611 2926 654 2970 ex
669 2907 831 2971 contrario
856 2906 1042 2988 „locuples“
1068 2905 1175 2968 elucet
1191 2905 1274 2967 hauc
1289 2921 1405 2966 vocem

156 2994 315 3092 translate
337 3015 527 3091 usurpatam
553 3010 610 3089 (de
632 3012 808 3090 naufrago)
835 3011 904 3072 vim
927 3010 1051 3074 habere
1073 3008 1230 3072 vocabuli
1252 3006 1403 3087 „tenuis“,

83 3152 92 3164 ·
158 3113 441 3195 quemadmodum
457 3116 528 3199 ipse
543 3114 657 3178 Cicero
680 3113 726 3177 ait
742 3113 812 3178 Cat.
835 3114 867 3178 II
891 3119 915 3190 §.
933 3113 975 3178 20
998 3114 1147 3178 homines
1170 3117 1283 3176 tenues
1305 3115 1405 3191 atque

157 3222 299 3298 egentes.

262 3323 291 3384 6.
337 3322 443 3385 Simili
478 3321 577 3386 modo
611 3323 645 3385 in
677 3322 807 3386 duabus
843 3323 1007 3404 prioribus
1041 3323 1166 3385 tantum
1203 3317 1414 3398 orationibus!

159 3423 274 3490 Cicero
307 3425 470 3489 adiectiva
486 3425 652 3497 ‚torridus
679 3431 711 3491 et
738 3425 851 3490 aridus
881 3444 947 3488 una
968 3427 1077 3506 ponit:
1110 3442 1140 3504 p.
1163 3420 1291 3504 Quinct.
1314 3424 1340 3496 5.
1362 3420 1405 3484 93

158 3530 224 3593 ulta
247 3528 381 3592 horrida
404 3536 496 3614 utque
520 3530 615 3595 uuida
626 3554 638 3610 ;
673 3549 704 3611 p.
726 3531 765 3594 R.
789 3530 827 3594 A.
851 3535 882 3606 ς.
906 3530 947 3591 93
970 3530 1004 3591 iu
1028 3527 1111 3590 uictu
1143 3523 1244 3605 crida
1280 3524 1316 3586 iu
1345 3523 1406 3588 huc

159 3632 292 3696 torridu
315 3635 495 3718 incultaque
519 3637 592 3699 altu.
636 3634 802 3718 Equidem
825 3637 926 3698 ctiam
949 3632 1105 3696 hocloco
1132 3626 1325 3693 Ciceronem
1348 3630 1406 3693 ad·

158 3738 388 3802 nominationis
403 3738 512 3802 studio
527 3738 569 3802 ad
585 3740 669 3802 hauc
692 3739 870 3801 formulam
893 3735 1073 3800 adductum
1096 3749 1168 3796 esse
1191 3735 1279 3815 puto,
1302 3733 1406 3796 veluti

59 3840 62 3845 ’
159 3842 277 3904 comici
309 3844 450 3906 similem
484 3844 517 3905 in
560 3843 696 3907 modum
728 3862 795 3905 una
824 3844 949 3924 ponunt
982 3837 1109 3919 auidus,
1143 3833 1263 3902 ualdus
1297 3838 1336 3900 cf.
1357 3838 1405 3902 Pl.

111 4024 114 4029 Ι
160 3946 248 4011 Pers.
270 3946 311 4023 Π,
339 3947 368 4027 3,
393 3946 435 4008 14
460 3948 619 4028 triparcos
643 3948 801 4025 homiues,
835 3945 973 4022 vetum,
1006 3942 1123 4024 aridos,
1152 3941 1271 4006 'auidos
1281 3965 1293 4024 ;
1329 3942 1403 4006 Ter.

158 4049 256 4145 Haut.
281 4052 344 4114 526
373 4049 510 4132 coldum,
541 4052 701 4114 miserum
732 4055 832 4132 atque
855 4046 993 4112 aridum.
1038 4045 1127 4130 Quin
1150 4047 1250 4111 etiam
1273 4048 1405 4127 propoer

160 4157 244 4243 hanc
266 4156 373 4238 ipsam
394 4155 659 4242 paronomasiarn
681 4155 714 4215 in
730 4154 873 4217 formula
889 4152 1055 4218 horridus
1073 4188 1111 4200 -
1131 4151 1251 4219 aridus
1265 4149 1405 4213 scriben-

159 4260 239 4331 dum
255 4278 327 4324 esse
341 4256 536 4324 contendam
558 4259 757 4323 vocabulum
780 4259 893 4323 aridus
918 4279 994 4322 cum
1010 4259 1230 4340 aspiratione:
1256 4251 1406 4320 hariolus.

160 4352 354 4432 simillimus
377 4367 426 4430 est
451 4364 509 4428 ille
530 4381 656 4443 versus,
685 4381 786 4446 quem
810 4361 919 4429 Varro
942 4365 976 4428 L.
997 4363 1033 4427 L.
1062 4382 1092 4445 p.
1117 4363 1158 4425 29
1181 4363 1223 4426 Μ.
1247 4359 1343 4424 affcrt
1365 4376 1407 4425 cx
