<?xml version="1.0" encoding="UTF-8"?>
<!DOCTYPE html PUBLIC "-//W3C//DTD XHTML 1.0 Transitional//EN"
    "http://www.w3.org/TR/xhtml1/DTD/xhtml1-transitional.dtd">
<html xmlns="http://www.w3.org/1999/xhtml" xml:lang="en" lang="en">
 <head>
  <title>
</title>
<meta http-equiv="Content-Type" content="text/html;charset=utf-8" />
  <meta name='ocr-system' content='tesseract 3.04.00' />
  <meta name='ocr-capabilities' content='ocr_page ocr_carea ocr_par ocr_line ocrx_word'/>
</head>
<body>
  <div class='ocr_page' id='page_1' title='image "./deciceroniseloc00landgoog_0018.png"; bbox 0 0 3158 4972; ppageno 0'>
   <div class='ocr_carea' id='block_1_1' title="bbox 683 270 875 333">
    <p class='ocr_par' dir='ltr' id='par_1_1' title="bbox 683 270 875 333">
     <span class='ocr_line' id='line_1_1' title="bbox 683 270 875 333; baseline 0.01 -18"><span class='ocrx_word' id='word_1_1' title='bbox 683 270 875 333; x_wconf 78' lang='lat'>..13-</span> 
     </span>
    </p>
   </div>
   <div class='ocr_carea' id='block_1_2' title="bbox 53 438 1411 526">
    <p class='ocr_par' dir='ltr' id='par_1_2' title="bbox 53 438 1411 526">
     <span class='ocr_line' id='line_1_2' title="bbox 53 438 1411 526; baseline 0 -20"><span class='ocrx_word' id='word_1_2' title='bbox 53 502 56 512; x_wconf 91' lang='grc'><em>,</em></span> <span class='ocrx_word' id='word_1_3' title='bbox 164 438 278 523; x_wconf 74' lang='lat' dir='ltr'><strong><em>officis</em></strong></span> <span class='ocrx_word' id='word_1_4' title='bbox 301 445 333 506; x_wconf 86' lang='lat' dir='ltr'><strong><em>et</em></strong></span> <span class='ocrx_word' id='word_1_5' title='bbox 355 440 551 508; x_wconf 64' lang='lat' dir='ltr'><strong><em>obstasi&#39;cf.</em></strong></span> <span class='ocrx_word' id='word_1_6' title='bbox 573 442 667 505; x_wconf 89' lang='lat' dir='ltr'><strong><em>Lucr.</em></strong></span> <span class='ocrx_word' id='word_1_7' title='bbox 690 442 714 520; x_wconf 92' lang='lat' dir='ltr'><strong><em>I,</em></strong></span> <span class='ocrx_word' id='word_1_8' title='bbox 726 439 789 506; x_wconf 85' lang='lat'><strong><em>336</em></strong></span> <span class='ocrx_word' id='word_1_9' title='bbox 812 461 959 526; x_wconf 90' lang='lat' dir='ltr'><strong><em>namque</em></strong></span> <span class='ocrx_word' id='word_1_10' title='bbox 981 443 1134 526; x_wconf 74' lang='lat' dir='ltr'><strong><em>officium</em></strong></span> <span class='ocrx_word' id='word_1_11' title='bbox 1157 443 1246 526; x_wconf 91' lang='lat' dir='ltr'><strong><em>quod</em></strong></span> <span class='ocrx_word' id='word_1_12' title='bbox 1266 446 1411 526; x_wconf 91' lang='lat' dir='ltr'><strong><em>corporis</em></strong></span> 
     </span>
    </p>
   </div>
   <div class='ocr_carea' id='block_1_3' title="bbox 109 547 1411 2305">
    <p class='ocr_par' dir='ltr' id='par_1_3' title="bbox 163 547 735 631">
     <span class='ocr_line' id='line_1_3' title="bbox 163 547 735 631; baseline 0.002 -23"><span class='ocrx_word' id='word_1_13' title='bbox 163 550 278 626; x_wconf 83' lang='lat' dir='ltr'><strong><em>exstat,</em></strong></span> <span class='ocrx_word' id='word_1_14' title='bbox 309 547 446 631; x_wconf 79' lang='lat' dir='ltr'><strong><em>officere</em></strong></span> <span class='ocrx_word' id='word_1_15' title='bbox 469 550 569 628; x_wconf 87' lang='lat' dir='ltr'><strong><em>atque</em></strong></span> <span class='ocrx_word' id='word_1_16' title='bbox 593 548 735 612; x_wconf 83' lang='lat' dir='ltr'><strong><em>obstare.</em></strong></span> 
     </span>
    </p>

    <p class='ocr_par' dir='ltr' id='par_1_4' title="bbox 109 650 1411 2305">
     <span class='ocr_line' id='line_1_4' title="bbox 267 650 1409 736; baseline 0.004 -22"><span class='ocrx_word' id='word_1_17' title='bbox 267 653 317 715; x_wconf 89' lang='lat' dir='ltr'><strong><em>De</em></strong></span> <span class='ocrx_word' id='word_1_18' title='bbox 339 653 411 716; x_wconf 85' lang='lat' dir='ltr'><strong><em>aliis</em></strong></span> <span class='ocrx_word' id='word_1_19' title='bbox 435 650 549 714; x_wconf 88' lang='lat' dir='ltr'><strong><em>Asiani</em></strong></span> <span class='ocrx_word' id='word_1_20' title='bbox 571 652 700 731; x_wconf 84' lang='lat' dir='ltr'><strong><em>generis</em></strong></span> <span class='ocrx_word' id='word_1_21' title='bbox 730 652 813 714; x_wconf 90' lang='lat' dir='ltr'><strong><em>notis</em></strong></span> <span class='ocrx_word' id='word_1_22' title='bbox 838 654 891 715; x_wconf 89' lang='lat' dir='ltr'><strong><em>vel</em></strong></span> <span class='ocrx_word' id='word_1_23' title='bbox 915 656 1021 734; x_wconf 91' lang='lat' dir='ltr'><strong><em>potius</em></strong></span> <span class='ocrx_word' id='word_1_24' title='bbox 1045 656 1139 731; x_wconf 85' lang='lat' dir='ltr'><strong><em>vitiis,</em></strong></span> <span class='ocrx_word' id='word_1_25' title='bbox 1174 673 1262 736; x_wconf 90' lang='lat' dir='ltr'><strong><em>quae</em></strong></span> <span class='ocrx_word' id='word_1_26' title='bbox 1294 653 1409 719; x_wconf 85' lang='lat' dir='ltr'><strong><em>Cicero</em></strong></span> 
     </span>
     <span class='ocr_line' id='line_1_5' title="bbox 162 754 1410 840; baseline 0.005 -25"><span class='ocrx_word' id='word_1_27' title='bbox 162 754 219 818; x_wconf 91' lang='lat' dir='ltr'><strong><em>illo</em></strong></span> <span class='ocrx_word' id='word_1_28' title='bbox 242 757 314 820; x_wconf 87' lang='lat' dir='ltr'><strong><em>loco</em></strong></span> <span class='ocrx_word' id='word_1_29' title='bbox 337 755 443 835; x_wconf 85' lang='lat' dir='ltr'><strong><em>(Orat.</em></strong></span> <span class='ocrx_word' id='word_1_30' title='bbox 468 760 492 832; x_wconf 84' lang='lat'><strong><em>§.</em></strong></span> <span class='ocrx_word' id='word_1_31' title='bbox 516 755 593 837; x_wconf 86' lang='lat'>123)</span> <span class='ocrx_word' id='word_1_32' title='bbox 625 761 870 834; x_wconf 76' lang='lat' dir='ltr'><strong>commemorat,</strong></span> <span class='ocrx_word' id='word_1_33' title='bbox 901 777 1007 839; x_wconf 87' lang='lat' dir='ltr'><strong><em>pauca</em></strong></span> <span class='ocrx_word' id='word_1_34' title='bbox 1030 761 1182 839; x_wconf 81' lang='lat' dir='ltr'><strong><em>exempla</em></strong></span> <span class='ocrx_word' id='word_1_35' title='bbox 1204 760 1352 840; x_wconf 81' lang='lat' dir='ltr'><strong><em>proferre</em></strong></span> <span class='ocrx_word' id='word_1_36' title='bbox 1375 761 1410 821; x_wconf 89' lang='lat' dir='ltr'><strong><em>li·</em></strong></span> 
     </span>
     <span class='ocr_line' id='line_1_6' title="bbox 163 859 1409 946; baseline 0.004 -26"><span class='ocrx_word' id='word_1_37' title='bbox 163 867 223 925; x_wconf 89' lang='lat' dir='ltr'><strong><em>cet.</em></strong></span> <span class='ocrx_word' id='word_1_38' title='bbox 267 861 376 943; x_wconf 85' lang='lat' dir='ltr'><strong><em>Atque</em></strong></span> <span class='ocrx_word' id='word_1_39' title='bbox 399 861 488 922; x_wconf 87' lang='lat' dir='ltr'><strong><em>illius</em></strong></span> <span class='ocrx_word' id='word_1_40' title='bbox 511 859 708 924; x_wconf 75' lang='lat' dir='ltr'><strong><em>assiduitatis</em></strong></span> <span class='ocrx_word' id='word_1_41' title='bbox 730 862 765 923; x_wconf 89' lang='lat' dir='ltr'><strong><em>iu</em></strong></span> <span class='ocrx_word' id='word_1_42' title='bbox 789 861 893 925; x_wconf 85' lang='lat' dir='ltr'><strong><em>eodem</em></strong></span> <span class='ocrx_word' id='word_1_43' title='bbox 916 883 1038 946; x_wconf 80' lang='lat' dir='ltr'><strong><em>semper</em></strong></span> <span class='ocrx_word' id='word_1_44' title='bbox 1068 884 1178 946; x_wconf 77' lang='lat' dir='ltr'><strong><em>peuere</em></strong></span> <span class='ocrx_word' id='word_1_45' title='bbox 1207 883 1409 927; x_wconf 78' lang='lat' dir='ltr'><strong><em>numeroram</em></strong></span> 
     </span>
     <span class='ocr_line' id='line_1_7' title="bbox 164 960 1410 1050; baseline 0.006 -26"><span class='ocrx_word' id='word_1_46' title='bbox 164 965 352 1046; x_wconf 81' lang='lat' dir='ltr'><strong><em>exemplum</em></strong></span> <span class='ocrx_word' id='word_1_47' title='bbox 385 968 433 1027; x_wconf 88' lang='lat' dir='ltr'><strong><em>est</em></strong></span> <span class='ocrx_word' id='word_1_48' title='bbox 465 983 495 1046; x_wconf 93' lang='lat' dir='ltr'><strong><em>p.</em></strong></span> <span class='ocrx_word' id='word_1_49' title='bbox 527 960 654 1045; x_wconf 73' lang='lat' dir='ltr'><strong><em>Quinct.</em></strong></span> <span class='ocrx_word' id='word_1_50' title='bbox 690 969 714 1039; x_wconf 84' lang='lat'><strong><em>§.</em></strong></span> <span class='ocrx_word' id='word_1_51' title='bbox 736 964 791 1027; x_wconf 77' lang='lat'><strong><em>47:</em></strong></span> <span class='ocrx_word' id='word_1_52' title='bbox 827 967 1088 1048; x_wconf 87' lang='lat' dir='ltr'><strong><em>extorquendum</em></strong></span> <span class='ocrx_word' id='word_1_53' title='bbox 1113 972 1161 1029; x_wconf 90' lang='lat' dir='ltr'><strong><em>est</em></strong></span> <span class='ocrx_word' id='word_1_54' title='bbox 1183 968 1285 1030; x_wconf 87' lang='lat' dir='ltr'><strong><em>invito</em></strong></span> <span class='ocrx_word' id='word_1_55' title='bbox 1308 973 1410 1050; x_wconf 90' lang='lat' dir='ltr'><strong><em>atque</em></strong></span> 
     </span>
     <span class='ocr_line' id='line_1_8' title="bbox 163 1065 1409 1152; baseline 0.006 -24"><span class='ocrx_word' id='word_1_56' title='bbox 163 1065 325 1149; x_wconf 84' lang='lat' dir='ltr'><strong><em>ingratiis:</em></strong></span> <span class='ocrx_word' id='word_1_57' title='bbox 349 1069 390 1132; x_wconf 91' lang='lat' dir='ltr'><strong><em>de</em></strong></span> <span class='ocrx_word' id='word_1_58' title='bbox 412 1069 548 1132; x_wconf 86' lang='lat' dir='ltr'><strong><em>fortunis</em></strong></span> <span class='ocrx_word' id='word_1_59' title='bbox 572 1069 723 1132; x_wconf 88' lang='lat' dir='ltr'><strong><em>omnibus</em></strong></span> <span class='ocrx_word' id='word_1_60' title='bbox 739 1067 910 1151; x_wconf 73' lang='lat' dir='ltr'><strong><em>Quinctius</em></strong></span> <span class='ocrx_word' id='word_1_61' title='bbox 927 1069 1150 1135; x_wconf 83' lang='lat' dir='ltr'><strong><em>deturbandus</em></strong></span> <span class='ocrx_word' id='word_1_62' title='bbox 1166 1076 1229 1134; x_wconf 91' lang='lat' dir='ltr'><strong><em>est:</em></strong></span> <span class='ocrx_word' id='word_1_63' title='bbox 1252 1077 1409 1152; x_wconf 86' lang='lat' dir='ltr'><strong><em>potentes,</em></strong></span> 
     </span>
     <span class='ocr_line' id='line_1_9' title="bbox 109 1160 1411 1262; baseline 0.005 -29"><span class='ocrx_word' id='word_1_64' title='bbox 109 1160 114 1203; x_wconf 68' lang='lat'>3</span> <span class='ocrx_word' id='word_1_65' title='bbox 166 1171 286 1249; x_wconf 83' lang='lat' dir='ltr'><strong><em>diserti,</em></strong></span> <span class='ocrx_word' id='word_1_66' title='bbox 308 1174 435 1236; x_wconf 87' lang='lat' dir='ltr'><strong><em>nobiles</em></strong></span> <span class='ocrx_word' id='word_1_67' title='bbox 457 1190 571 1235; x_wconf 90' lang='lat' dir='ltr'><strong><em>onmes</em></strong></span> <span class='ocrx_word' id='word_1_68' title='bbox 594 1171 778 1235; x_wconf 87' lang='lat' dir='ltr'><strong><em>advocandi</em></strong></span> <span class='ocrx_word' id='word_1_69' title='bbox 799 1178 889 1236; x_wconf 87' lang='lat' dir='ltr'><strong><em>sunt:</em></strong></span> <span class='ocrx_word' id='word_1_70' title='bbox 912 1174 1100 1238; x_wconf 89' lang='lat' dir='ltr'><strong><em>adhibenda</em></strong></span> <span class='ocrx_word' id='word_1_71' title='bbox 1122 1177 1171 1238; x_wconf 90' lang='lat' dir='ltr'><strong><em>vis</em></strong></span> <span class='ocrx_word' id='word_1_72' title='bbox 1195 1182 1244 1239; x_wconf 86' lang='lat' dir='ltr'><strong><em>est</em></strong></span> <span class='ocrx_word' id='word_1_73' title='bbox 1265 1179 1411 1262; x_wconf 80' lang='lat' dir='ltr'><strong><em>veritati3</em></strong></span> 
     </span>
     <span class='ocr_line' id='line_1_10' title="bbox 165 1275 1409 1358; baseline 0.006 -21"><span class='ocrx_word' id='word_1_74' title='bbox 165 1277 218 1338; x_wconf 83' lang='lat' dir='ltr'><strong><em>vel</em></strong></span> <span class='ocrx_word' id='word_1_75' title='bbox 240 1295 271 1356; x_wconf 88' lang='lat' dir='ltr'><strong><em>p.</em></strong></span> <span class='ocrx_word' id='word_1_76' title='bbox 294 1277 333 1340; x_wconf 84' lang='lat' dir='ltr'><strong><em>R.</em></strong></span> <span class='ocrx_word' id='word_1_77' title='bbox 356 1277 430 1339; x_wconf 89' lang='lat' dir='ltr'><strong><em>Am.</em></strong></span> <span class='ocrx_word' id='word_1_78' title='bbox 463 1282 488 1352; x_wconf 84' lang='lat'><strong><em>§.</em></strong></span> <span class='ocrx_word' id='word_1_79' title='bbox 512 1277 553 1340; x_wconf 88' lang='grc'><strong><em>63</em></strong></span> <span class='ocrx_word' id='word_1_80' title='bbox 588 1295 709 1358; x_wconf 79' lang='lat' dir='ltr'><strong><em>magna</em></strong></span> <span class='ocrx_word' id='word_1_81' title='bbox 743 1281 792 1340; x_wconf 85' lang='lat' dir='ltr'><strong><em>est</em></strong></span> <span class='ocrx_word' id='word_1_82' title='bbox 822 1275 909 1340; x_wconf 92' lang='lat' dir='ltr'><strong><em>enim</em></strong></span> <span class='ocrx_word' id='word_1_83' title='bbox 932 1281 981 1342; x_wconf 88' lang='lat' dir='ltr'><strong><em>vis</em></strong></span> <span class='ocrx_word' id='word_1_84' title='bbox 1006 1281 1232 1342; x_wconf 85' lang='lat' dir='ltr'><strong><em>humanitatis:</em></strong></span> <span class='ocrx_word' id='word_1_85' title='bbox 1269 1282 1409 1345; x_wconf 89' lang='lat' dir='ltr'><strong><em>multum</em></strong></span> 
     </span>
     <span class='ocr_line' id='line_1_11' title="bbox 164 1380 1410 1464; baseline 0.006 -23"><span class='ocrx_word' id='word_1_86' title='bbox 164 1380 254 1442; x_wconf 85' lang='lat' dir='ltr'><strong><em>valet</em></strong></span> <span class='ocrx_word' id='word_1_87' title='bbox 276 1383 463 1444; x_wconf 89' lang='lat' dir='ltr'><strong><em>communio</em></strong></span> <span class='ocrx_word' id='word_1_88' title='bbox 492 1383 673 1463; x_wconf 83' lang='lat' dir='ltr'><strong><em>sanguinis:</em></strong></span> <span class='ocrx_word' id='word_1_89' title='bbox 706 1383 892 1445; x_wconf 84' lang='lat' dir='ltr'><strong><em>reclamitat</em></strong></span> <span class='ocrx_word' id='word_1_90' title='bbox 925 1385 1016 1446; x_wconf 90' lang='lat' dir='ltr'><strong><em>istius</em></strong></span> <span class='ocrx_word' id='word_1_91' title='bbox 1051 1384 1140 1447; x_wconf 92' lang='lat' dir='ltr'><strong><em>modi</em></strong></span> <span class='ocrx_word' id='word_1_92' title='bbox 1173 1386 1410 1464; x_wconf 83' lang='lat' dir='ltr'><strong><em>suspicionibus</em></strong></span> 
     </span>
     <span class='ocr_line' id='line_1_12' title="bbox 164 1484 1408 1572; baseline 0.008 -28"><span class='ocrx_word' id='word_1_93' title='bbox 164 1484 236 1564; x_wconf 91' lang='lat' dir='ltr'><strong><em>ipsa</em></strong></span> <span class='ocrx_word' id='word_1_94' title='bbox 258 1489 389 1568; x_wconf 81' lang='lat' dir='ltr'><strong><em>natura3</em></strong></span> <span class='ocrx_word' id='word_1_95' title='bbox 411 1486 465 1548; x_wconf 87' lang='lat' dir='ltr'><strong><em>vel</em></strong></span> <span class='ocrx_word' id='word_1_96' title='bbox 487 1505 517 1566; x_wconf 86' lang='lat' dir='ltr'><strong><em>p.</em></strong></span> <span class='ocrx_word' id='word_1_97' title='bbox 540 1484 668 1567; x_wconf 72' lang='lat' dir='ltr'><strong><em>Quinct.</em></strong></span> <span class='ocrx_word' id='word_1_98' title='bbox 696 1490 721 1562; x_wconf 63' lang='grc' dir='ltr'><strong><em>ἕ.</em></strong></span> <span class='ocrx_word' id='word_1_99' title='bbox 746 1487 788 1549; x_wconf 81' lang='grc'><strong><em>95</em></strong></span> <span class='ocrx_word' id='word_1_100' title='bbox 818 1488 937 1551; x_wconf 89' lang='lat' dir='ltr'><strong><em>aimiae</em></strong></span> <span class='ocrx_word' id='word_1_101' title='bbox 965 1489 1054 1550; x_wconf 88' lang='lat' dir='ltr'><strong><em>illius</em></strong></span> <span class='ocrx_word' id='word_1_102' title='bbox 1085 1490 1292 1569; x_wconf 77' lang='lat' dir='ltr'><strong><em>vituperatas</em></strong></span> <span class='ocrx_word' id='word_1_103' title='bbox 1321 1509 1408 1572; x_wconf 73' lang='lat' dir='ltr'><strong><em>repe-</em></strong></span> 
     </span>
     <span class='ocr_line' id='line_1_13' title="bbox 165 1588 1409 1669; baseline 0.005 -19"><span class='ocrx_word' id='word_1_104' title='bbox 165 1588 285 1652; x_wconf 89' lang='lat' dir='ltr'><strong><em>titiouis</em></strong></span> <span class='ocrx_word' id='word_1_105' title='bbox 318 1590 525 1669; x_wconf 88' lang='lat' dir='ltr'><strong><em>exemplum:</em></strong></span> <span class='ocrx_word' id='word_1_106' title='bbox 555 1590 704 1653; x_wconf 81' lang='lat' dir='ltr'><strong><em>miseram</em></strong></span> <span class='ocrx_word' id='word_1_107' title='bbox 727 1595 775 1653; x_wconf 88' lang='lat' dir='ltr'><strong><em>est</em></strong></span> <span class='ocrx_word' id='word_1_108' title='bbox 805 1591 976 1654; x_wconf 85' lang='lat' dir='ltr'><strong><em>exturbari</em></strong></span> <span class='ocrx_word' id='word_1_109' title='bbox 998 1592 1134 1654; x_wconf 88' lang='lat' dir='ltr'><strong><em>fortunis</em></strong></span> <span class='ocrx_word' id='word_1_110' title='bbox 1157 1593 1317 1669; x_wconf 69' lang='lat' dir='ltr'><strong><em>omnibus</em></strong></span> <span class='ocrx_word' id='word_1_111' title='bbox 1352 1595 1409 1656; x_wconf 92' lang='lat' dir='ltr'><strong><em>mi-</em></strong></span> 
     </span>
     <span class='ocr_line' id='line_1_14' title="bbox 166 1693 1411 1781; baseline 0.005 -27"><span class='ocrx_word' id='word_1_112' title='bbox 166 1693 267 1756; x_wconf 83' lang='lat' dir='ltr'><strong><em>serias</em></strong></span> <span class='ocrx_word' id='word_1_113' title='bbox 298 1697 347 1756; x_wconf 86' lang='lat' dir='ltr'><strong><em>est</em></strong></span> <span class='ocrx_word' id='word_1_114' title='bbox 368 1695 505 1777; x_wconf 81' lang='lat' dir='ltr'><strong><em>iniurie3</em></strong></span> <span class='ocrx_word' id='word_1_115' title='bbox 545 1694 692 1758; x_wconf 84' lang='lat' dir='ltr'><strong><em>acerbum</em></strong></span> <span class='ocrx_word' id='word_1_116' title='bbox 716 1700 764 1757; x_wconf 86' lang='lat' dir='ltr'><strong><em>est</em></strong></span> <span class='ocrx_word' id='word_1_117' title='bbox 786 1696 829 1759; x_wconf 87' lang='lat' dir='ltr'><strong><em>ab</em></strong></span> <span class='ocrx_word' id='word_1_118' title='bbox 853 1697 966 1777; x_wconf 90' lang='lat' dir='ltr'><strong><em>aliquo</em></strong></span> <span class='ocrx_word' id='word_1_119' title='bbox 989 1697 1237 1781; x_wconf 79' lang='lat' dir='ltr'><strong><em>circumvenire,</em></strong></span> <span class='ocrx_word' id='word_1_120' title='bbox 1267 1697 1411 1760; x_wconf 80' lang='lat' dir='ltr'><strong><em>acerbius</em></strong></span> 
     </span>
     <span class='ocr_line' id='line_1_15' title="bbox 166 1797 1410 1884; baseline 0.006 -27"><span class='ocrx_word' id='word_1_121' title='bbox 166 1798 408 1881; x_wconf 78' lang='lat' dir='ltr'><strong><em>apropinqu03</em></strong></span> <span class='ocrx_word' id='word_1_122' title='bbox 440 1798 658 1862; x_wconf 82' lang='lat' dir='ltr'><strong><em>calamitosam</em></strong></span> <span class='ocrx_word' id='word_1_123' title='bbox 673 1835 715 1845; x_wconf 90' lang='lat'><em>-</em></span> <span class='ocrx_word' id='word_1_124' title='bbox 733 1799 962 1879; x_wconf 87' lang='lat' dir='ltr'><strong><em>catamitosias;</em></strong></span> <span class='ocrx_word' id='word_1_125' title='bbox 989 1797 1157 1883; x_wconf 74' lang='lat' dir='ltr'><strong><em>funestam</em></strong></span> <span class='ocrx_word' id='word_1_126' title='bbox 1173 1833 1215 1845; x_wconf 92' lang='lat'><strong><em>-</em></strong></span> <span class='ocrx_word' id='word_1_127' title='bbox 1226 1798 1410 1884; x_wconf 78' lang='lat' dir='ltr'><strong><em>sauestius;</em></strong></span> 
     </span>
     <span class='ocr_line' id='line_1_16' title="bbox 165 1900 1410 1987; baseline 0.006 -24"><span class='ocrx_word' id='word_1_128' title='bbox 165 1900 332 1985; x_wconf 81' lang='lat' dir='ltr'><strong><em>iadipaam</em></strong></span> <span class='ocrx_word' id='word_1_129' title='bbox 356 1939 397 1947; x_wconf 95' lang='lat'><strong><em>-—</em></strong></span> <span class='ocrx_word' id='word_1_130' title='bbox 420 1903 603 1987; x_wconf 67' lang='lat' dir='ltr'><strong><em>irruamus,-</em></strong></span> <span class='ocrx_word' id='word_1_131' title='bbox 627 1905 800 1968; x_wconf 85' lang='lat' dir='ltr'><strong><em>iuctuasum</em></strong></span> <span class='ocrx_word' id='word_1_132' title='bbox 819 1941 856 1948; x_wconf 90' lang='lat'><em>-</em></span> <span class='ocrx_word' id='word_1_133' title='bbox 875 1903 1063 1986; x_wconf 85' lang='lat' dir='ltr'><strong><em>luctuosius;</em></strong></span> <span class='ocrx_word' id='word_1_134' title='bbox 1086 1903 1234 1968; x_wconf 78' lang='lat' dir='ltr'><strong><em>terribile</em></strong></span> <span class='ocrx_word' id='word_1_135' title='bbox 1252 1941 1290 1950; x_wconf 96' lang='lat'>-</span> <span class='ocrx_word' id='word_1_136' title='bbox 1307 1905 1410 1970; x_wconf 78' lang='lat' dir='ltr'><strong><em>torri-</em></strong></span> 
     </span>
     <span class='ocr_line' id='line_1_17' title="bbox 168 2004 1409 2092; baseline 0.006 -26"><span class='ocrx_word' id='word_1_137' title='bbox 168 2004 260 2068; x_wconf 87' lang='lat' dir='ltr'><strong><em>bilias</em></strong></span> <span class='ocrx_word' id='word_1_138' title='bbox 281 2054 288 2069; x_wconf 87' lang='lat'><strong>.</strong></span> <span class='ocrx_word' id='word_1_139' title='bbox 311 2054 318 2069; x_wconf 87' lang='lat'><strong>.</strong></span> <span class='ocrx_word' id='word_1_140' title='bbox 340 2055 347 2070; x_wconf 87' lang='lat'><strong>.</strong></span> <span class='ocrx_word' id='word_1_141' title='bbox 370 2053 377 2069; x_wconf 90' lang='lat'>.</span> <span class='ocrx_word' id='word_1_142' title='bbox 401 2009 508 2071; x_wconf 88' lang='lat' dir='ltr'><strong><em>amaia</em></strong></span> <span class='ocrx_word' id='word_1_143' title='bbox 531 2009 761 2090; x_wconf 80' lang='lat' dir='ltr'><strong><em>circumspexit</em></strong></span> <span class='ocrx_word' id='word_1_144' title='bbox 781 2007 960 2092; x_wconf 74' lang='lat' dir='ltr'><strong><em>Quinctiae,</em></strong></span> <span class='ocrx_word' id='word_1_145' title='bbox 991 2010 1098 2073; x_wconf 89' lang='lat' dir='ltr'><strong><em>amaia</em></strong></span> <span class='ocrx_word' id='word_1_146' title='bbox 1128 2009 1330 2090; x_wconf 86' lang='lat' dir='ltr'><strong><em>periclitatus</em></strong></span> <span class='ocrx_word' id='word_1_147' title='bbox 1361 2016 1409 2073; x_wconf 91' lang='lat' dir='ltr'><strong><em>est</em></strong></span> 
     </span>
     <span class='ocr_line' id='line_1_18' title="bbox 168 2109 1409 2195; baseline 0.005 -25"><span class='ocrx_word' id='word_1_148' title='bbox 168 2112 226 2172; x_wconf 87' lang='lat' dir='ltr'><strong><em>etc.</em></strong></span> <span class='ocrx_word' id='word_1_149' title='bbox 248 2109 390 2193; x_wconf 88' lang='lat' dir='ltr'><strong><em>denique</em></strong></span> <span class='ocrx_word' id='word_1_150' title='bbox 411 2132 440 2193; x_wconf 89' lang='lat' dir='ltr'><strong><em>p.</em></strong></span> <span class='ocrx_word' id='word_1_151' title='bbox 464 2112 502 2176; x_wconf 68' lang='lat' dir='ltr'><strong><em>le</em></strong></span> <span class='ocrx_word' id='word_1_152' title='bbox 526 2114 598 2177; x_wconf 87' lang='lat' dir='ltr'><strong><em>Am.</em></strong></span> <span class='ocrx_word' id='word_1_153' title='bbox 622 2118 646 2189; x_wconf 85' lang='lat'><strong><em>§.</em></strong></span> <span class='ocrx_word' id='word_1_154' title='bbox 671 2113 729 2176; x_wconf 86' lang='lat'><strong><em>13:</em></strong></span> <span class='ocrx_word' id='word_1_155' title='bbox 763 2119 913 2176; x_wconf 89' lang='lat' dir='ltr'><strong><em>accusaut</em></strong></span> <span class='ocrx_word' id='word_1_156' title='bbox 934 2114 968 2189; x_wconf 83' lang='lat' dir='ltr'><strong><em>ii,</em></strong></span> <span class='ocrx_word' id='word_1_157' title='bbox 1002 2114 1059 2195; x_wconf 86' lang='lat' dir='ltr'><strong><em>qui</em></strong></span> <span class='ocrx_word' id='word_1_158' title='bbox 1089 2113 1122 2174; x_wconf 93' lang='lat' dir='ltr'><strong><em>in</em></strong></span> <span class='ocrx_word' id='word_1_159' title='bbox 1145 2113 1290 2176; x_wconf 85' lang='lat' dir='ltr'><strong><em>fortunas</em></strong></span> <span class='ocrx_word' id='word_1_160' title='bbox 1314 2115 1409 2176; x_wconf 87' lang='lat' dir='ltr'><strong><em>huius</em></strong></span> 
     </span>
     <span class='ocr_line' id='line_1_19' title="bbox 164 2214 1409 2305; baseline 0.006 -30"><span class='ocrx_word' id='word_1_161' title='bbox 164 2214 379 2305; x_wconf 74' lang='lat' dir='ltr'><strong><em>invaserunt,</em></strong></span> <span class='ocrx_word' id='word_1_162' title='bbox 403 2236 531 2280; x_wconf 86' lang='lat' dir='ltr'><strong><em>causam</em></strong></span> <span class='ocrx_word' id='word_1_163' title='bbox 554 2215 690 2297; x_wconf 79' lang='lat' dir='ltr'><strong><em>dicitis,</em></strong></span> <span class='ocrx_word' id='word_1_164' title='bbox 715 2217 765 2279; x_wconf 92' lang='lat' dir='ltr'><strong><em>cui</em></strong></span> <span class='ocrx_word' id='word_1_165' title='bbox 782 2221 912 2297; x_wconf 87' lang='lat' dir='ltr'><strong><em>praeter</em></strong></span> <span class='ocrx_word' id='word_1_166' title='bbox 929 2217 1153 2279; x_wconf 90' lang='lat' dir='ltr'><strong><em>calamitatem</em></strong></span> <span class='ocrx_word' id='word_1_167' title='bbox 1174 2216 1253 2278; x_wconf 85' lang='lat' dir='ltr'><strong><em>nihil</em></strong></span> <span class='ocrx_word' id='word_1_168' title='bbox 1277 2217 1409 2301; x_wconf 82' lang='lat' dir='ltr'><strong><em>relique-</em></strong></span> 
     </span>
    </p>
   </div>
   <div class='ocr_carea' id='block_1_4' title="bbox 164 2317 1405 2405">
    <p class='ocr_par' dir='ltr' id='par_1_5' title="bbox 164 2317 1405 2405">
     <span class='ocr_line' id='line_1_20' title="bbox 164 2317 1405 2405; baseline 0.006 -22"><span class='ocrx_word' id='word_1_169' title='bbox 164 2327 284 2398; x_wconf 80' lang='lat' dir='ltr'><strong><em>rumt;</em></strong></span> <span class='ocrx_word' id='word_1_170' title='bbox 307 2328 457 2385; x_wconf 82' lang='lat' dir='ltr'><strong><em>accusant</em></strong></span> <span class='ocrx_word' id='word_1_171' title='bbox 481 2322 514 2402; x_wconf 85' lang='lat' dir='ltr'><strong><em>ii,</em></strong></span> <span class='ocrx_word' id='word_1_172' title='bbox 550 2321 670 2403; x_wconf 89' lang='lat' dir='ltr'><strong><em>quibus</em></strong></span> <span class='ocrx_word' id='word_1_173' title='bbox 693 2321 797 2384; x_wconf 86' lang='lat' dir='ltr'><strong><em>occidi</em></strong></span> <span class='ocrx_word' id='word_1_174' title='bbox 820 2326 948 2402; x_wconf 87' lang='lat' dir='ltr'><strong><em>patrem</em></strong></span> <span class='ocrx_word' id='word_1_175' title='bbox 972 2317 1048 2384; x_wconf 84' lang='lat' dir='ltr'><strong><em>Sex.</em></strong></span> <span class='ocrx_word' id='word_1_176' title='bbox 1071 2321 1183 2384; x_wconf 84' lang='lat' dir='ltr'><strong><em>Roscii</em></strong></span> <span class='ocrx_word' id='word_1_177' title='bbox 1207 2321 1292 2384; x_wconf 93' lang='lat' dir='ltr'><strong><em>bono</em></strong></span> <span class='ocrx_word' id='word_1_178' title='bbox 1307 2321 1405 2405; x_wconf 63' lang='lat' dir='ltr'><strong><em>suit·</em></strong></span> 
     </span>
    </p>
   </div>
   <div class='ocr_carea' id='block_1_5' title="bbox 64 2424 1407 2507">
    <p class='ocr_par' dir='ltr' id='par_1_6' title="bbox 64 2424 1407 2507">
     <span class='ocr_line' id='line_1_21' title="bbox 64 2424 1407 2507; baseline 0.004 -21"><span class='ocrx_word' id='word_1_179' title='bbox 64 2466 73 2486; x_wconf 69' lang='lat'>.</span> <span class='ocrx_word' id='word_1_180' title='bbox 165 2445 294 2490; x_wconf 88' lang='lat' dir='ltr'><strong><em>causam</em></strong></span> <span class='ocrx_word' id='word_1_181' title='bbox 315 2424 393 2490; x_wconf 87' lang='lat' dir='ltr'><strong><em>dicit</em></strong></span> <span class='ocrx_word' id='word_1_182' title='bbox 415 2427 450 2504; x_wconf 88' lang='lat' dir='ltr'><strong><em>is,</em></strong></span> <span class='ocrx_word' id='word_1_183' title='bbox 475 2427 528 2489; x_wconf 91' lang='lat' dir='ltr'><strong><em>cui</em></strong></span> <span class='ocrx_word' id='word_1_184' title='bbox 551 2443 615 2489; x_wconf 91' lang='lat' dir='ltr'><strong><em>nou</em></strong></span> <span class='ocrx_word' id='word_1_185' title='bbox 638 2425 736 2489; x_wconf 91' lang='lat' dir='ltr'><strong><em>modo</em></strong></span> <span class='ocrx_word' id='word_1_186' title='bbox 759 2426 884 2488; x_wconf 86' lang='lat' dir='ltr'><strong><em>luctum</em></strong></span> <span class='ocrx_word' id='word_1_187' title='bbox 908 2443 995 2487; x_wconf 91' lang='lat' dir='ltr'><strong><em>mors</em></strong></span> <span class='ocrx_word' id='word_1_188' title='bbox 1013 2427 1114 2506; x_wconf 89' lang='lat' dir='ltr'><strong><em>patris</em></strong></span> <span class='ocrx_word' id='word_1_189' title='bbox 1139 2425 1265 2507; x_wconf 77' lang='lat' dir='ltr'><strong><em>caula,</em></strong></span> <span class='ocrx_word' id='word_1_190' title='bbox 1290 2448 1407 2493; x_wconf 88' lang='lat' dir='ltr'><strong><em>verum</em></strong></span> 
     </span>
    </p>
   </div>
   <div class='ocr_carea' id='block_1_6' title="bbox 57 2528 1479 2723">
    <p class='ocr_par' dir='ltr' id='par_1_7' title="bbox 57 2528 1479 2723">
     <span class='ocr_line' id='line_1_22' title="bbox 164 2528 1408 2613; baseline 0.004 -21"><span class='ocrx_word' id='word_1_191' title='bbox 164 2531 265 2593; x_wconf 88' lang='lat' dir='ltr'><strong><em>etiam</em></strong></span> <span class='ocrx_word' id='word_1_192' title='bbox 288 2535 483 2613; x_wconf 76' lang='lat' dir='ltr'><strong><em>egestatem3</em></strong></span> <span class='ocrx_word' id='word_1_193' title='bbox 521 2537 672 2593; x_wconf 83' lang='lat' dir='ltr'><strong><em>accusant</em></strong></span> <span class='ocrx_word' id='word_1_194' title='bbox 695 2531 719 2593; x_wconf 93' lang='lat' dir='ltr'><strong><em>ii</em></strong></span> <span class='ocrx_word' id='word_1_195' title='bbox 742 2565 784 2575; x_wconf 91' lang='lat'><em>-</em></span> <span class='ocrx_word' id='word_1_196' title='bbox 808 2549 937 2592; x_wconf 88' lang='lat' dir='ltr'><strong><em>causam</em></strong></span> <span class='ocrx_word' id='word_1_197' title='bbox 960 2528 1038 2592; x_wconf 83' lang='lat' dir='ltr'><strong><em>dicit</em></strong></span> <span class='ocrx_word' id='word_1_198' title='bbox 1061 2530 1089 2592; x_wconf 85' lang='lat' dir='ltr'><strong><em>is</em></strong></span> <span class='ocrx_word' id='word_1_199' title='bbox 1120 2534 1176 2592; x_wconf 89' lang='lat' dir='ltr'><strong><em>etc.</em></strong></span> <span class='ocrx_word' id='word_1_200' title='bbox 1224 2532 1285 2595; x_wconf 89' lang='lat' dir='ltr'><strong><em>Hic</em></strong></span> <span class='ocrx_word' id='word_1_201' title='bbox 1317 2534 1408 2598; x_wconf 90' lang='lat' dir='ltr'><strong><em>locus</em></strong></span> 
     </span>
     <span class='ocr_line' id='line_1_23' title="bbox 57 2616 1479 2723; baseline 0.002 -26"><span class='ocrx_word' id='word_1_202' title='bbox 57 2670 59 2675; x_wconf 95' lang='lat'>·</span> <span class='ocrx_word' id='word_1_203' title='bbox 165 2635 264 2697; x_wconf 90' lang='lat' dir='ltr'><strong><em>etiam</em></strong></span> <span class='ocrx_word' id='word_1_204' title='bbox 287 2636 466 2723; x_wconf 72' lang='lat' dir='ltr'><strong><em>vorborum</em></strong></span> <span class='ocrx_word' id='word_1_205' title='bbox 489 2635 640 2716; x_wconf 82' lang='lat' dir='ltr'><strong><em>similiter</em></strong></span> <span class='ocrx_word' id='word_1_206' title='bbox 662 2633 879 2698; x_wconf 87' lang='lat' dir='ltr'><strong><em>desinentium</em></strong></span> <span class='ocrx_word' id='word_1_207' title='bbox 902 2635 1057 2714; x_wconf 88' lang='lat' dir='ltr'><strong><em>exempla</em></strong></span> <span class='ocrx_word' id='word_1_208' title='bbox 1086 2635 1222 2714; x_wconf 87' lang='lat' dir='ltr'><strong><em>praebat</em></strong></span> <span class='ocrx_word' id='word_1_209' title='bbox 1252 2633 1408 2718; x_wconf 80' lang='grc' dir='ltr'>(ὁμοιοτὲ-</span> <span class='ocrx_word' id='word_1_210' title='bbox 1464 2616 1479 2689; x_wconf 66' lang='lat'><strong><em>¹¹,</em></strong></span> 
     </span>
    </p>
   </div>
   <div class='ocr_carea' id='block_1_7' title="bbox 165 2733 1511 2820">
    <p class='ocr_par' dir='ltr' id='par_1_8' title="bbox 165 2733 1511 2820">
     <span class='ocr_line' id='line_1_24' title="bbox 165 2733 1511 2820; baseline 0.008 -24"><span class='ocrx_word' id='word_1_211' title='bbox 165 2733 288 2819; x_wconf 83' lang='grc' dir='ltr'>λευτα),</span> <span class='ocrx_word' id='word_1_212' title='bbox 312 2742 404 2802; x_wconf 91' lang='lat' dir='ltr'><strong><em>cuius</em></strong></span> <span class='ocrx_word' id='word_1_213' title='bbox 426 2740 553 2819; x_wconf 83' lang='lat' dir='ltr'><strong><em>figurae</em></strong></span> <span class='ocrx_word' id='word_1_214' title='bbox 576 2739 672 2820; x_wconf 88' lang='lat' dir='ltr'><strong><em>plura</em></strong></span> <span class='ocrx_word' id='word_1_215' title='bbox 693 2739 904 2802; x_wconf 86' lang='lat' dir='ltr'><strong><em>inveniuntur·</em></strong></span> <span class='ocrx_word' id='word_1_216' title='bbox 925 2739 969 2800; x_wconf 87' lang='lat' dir='ltr'><strong><em>ib.</em></strong></span> <span class='ocrx_word' id='word_1_217' title='bbox 991 2739 1047 2813; x_wconf 82' lang='lat'><strong><em>§.7</em></strong></span> <span class='ocrx_word' id='word_1_218' title='bbox 1070 2740 1243 2805; x_wconf 82' lang='lat' dir='ltr'><strong><em>resistatis</em></strong></span> <span class='ocrx_word' id='word_1_219' title='bbox 1266 2778 1308 2787; x_wconf 94' lang='lat'><em>-</em></span> <span class='ocrx_word' id='word_1_220' title='bbox 1331 2742 1408 2808; x_wconf 84' lang='lat' dir='ltr'><strong><em>leae·</em></strong></span> <span class='ocrx_word' id='word_1_221' title='bbox 1504 2754 1511 2761; x_wconf 80' lang='grc'><strong>“</strong></span> 
     </span>
    </p>
   </div>
   <div class='ocr_carea' id='block_1_8' title="bbox 164 2842 1409 3760">
    <p class='ocr_par' dir='ltr' id='par_1_9' title="bbox 164 2842 1409 3241">
     <span class='ocr_line' id='line_1_25' title="bbox 165 2842 1407 2926; baseline 0.005 -20"><span class='ocrx_word' id='word_1_222' title='bbox 165 2843 223 2906; x_wconf 85' lang='lat' dir='ltr'><strong><em>tis</em></strong></span> <span class='ocrx_word' id='word_1_223' title='bbox 244 2878 282 2888; x_wconf 90' lang='lat'>—</span> <span class='ocrx_word' id='word_1_224' title='bbox 297 2843 524 2926; x_wconf 72' lang='lat' dir='ltr'><strong><em>propulsius,-</em></strong></span> <span class='ocrx_word' id='word_1_225' title='bbox 552 2848 577 2919; x_wconf 86' lang='lat'><strong><em>§.</em></strong></span> <span class='ocrx_word' id='word_1_226' title='bbox 599 2843 619 2906; x_wconf 89' lang='lat'>8</span> <span class='ocrx_word' id='word_1_227' title='bbox 642 2848 776 2924; x_wconf 91' lang='lat' dir='ltr'><strong><em>propter</em></strong></span> <span class='ocrx_word' id='word_1_228' title='bbox 798 2842 1018 2926; x_wconf 71' lang='lat' dir='ltr'><strong><em>dipaitatem</em></strong></span> <span class='ocrx_word' id='word_1_229' title='bbox 1032 2880 1074 2889; x_wconf 93' lang='lat'><em>-</em></span> <span class='ocrx_word' id='word_1_230' title='bbox 1091 2850 1223 2925; x_wconf 87' lang='lat' dir='ltr'><strong><em>propter</em></strong></span> <span class='ocrx_word' id='word_1_231' title='bbox 1245 2849 1407 2912; x_wconf 81' lang='lat' dir='ltr'><strong><em>seuerita-</em></strong></span> 
     </span>
     <span class='ocr_line' id='line_1_26' title="bbox 165 2944 1408 3032; baseline 0.005 -20"><span class='ocrx_word' id='word_1_232' title='bbox 165 2955 268 3029; x_wconf 86' lang='lat' dir='ltr'><strong><em>tem;</em></strong></span> <span class='ocrx_word' id='word_1_233' title='bbox 289 2947 367 3010; x_wconf 89' lang='lat' dir='ltr'><strong><em>ibid.</em></strong></span> <span class='ocrx_word' id='word_1_234' title='bbox 390 2947 637 3014; x_wconf 80' lang='lat' dir='ltr'><strong><em>commodidati</em></strong></span> <span class='ocrx_word' id='word_1_235' title='bbox 659 2985 701 2994; x_wconf 90' lang='lat'>-</span> <span class='ocrx_word' id='word_1_236' title='bbox 724 2948 898 3032; x_wconf 72' lang='lat' dir='ltr'><strong><em>pravitati</em></strong></span> <span class='ocrx_word' id='word_1_237' title='bbox 917 2944 963 2995; x_wconf 77' lang='grc'><strong><em>’-</em></strong></span> <span class='ocrx_word' id='word_1_238' title='bbox 986 2949 1145 3014; x_wconf 79' lang='lat' dir='ltr'><strong><em>libertati</em></strong></span> <span class='ocrx_word' id='word_1_239' title='bbox 1167 2949 1205 3021; x_wconf 87' lang='lat' dir='ltr'><strong><em>cf.</em></strong></span> <span class='ocrx_word' id='word_1_240' title='bbox 1230 2951 1279 3014; x_wconf 80' lang='lat'><strong><em>12.</em></strong></span> <span class='ocrx_word' id='word_1_241' title='bbox 1294 2953 1343 3015; x_wconf 86' lang='lat'><strong><em>23.</em></strong></span> <span class='ocrx_word' id='word_1_242' title='bbox 1355 2952 1408 3018; x_wconf 79' lang='lat'><strong><em>32.</em></strong></span> 
     </span>
     <span class='ocr_line' id='line_1_27' title="bbox 166 3051 1409 3135; baseline 0.006 -20"><span class='ocrx_word' id='word_1_243' title='bbox 166 3056 199 3116; x_wconf 86' lang='lat' dir='ltr'><strong><em>et</em></strong></span> <span class='ocrx_word' id='word_1_244' title='bbox 224 3071 255 3135; x_wconf 88' lang='lat' dir='ltr'><strong><em>p.</em></strong></span> <span class='ocrx_word' id='word_1_245' title='bbox 285 3051 414 3135; x_wconf 75' lang='lat' dir='ltr'><strong><em>Quinct.</em></strong></span> <span class='ocrx_word' id='word_1_246' title='bbox 446 3057 470 3128; x_wconf 69' lang='lat'><strong><em>5.</em></strong></span> <span class='ocrx_word' id='word_1_247' title='bbox 502 3054 543 3116; x_wconf 84' lang='lat'><strong><em>75</em></strong></span> <span class='ocrx_word' id='word_1_248' title='bbox 573 3056 621 3116; x_wconf 89' lang='lat' dir='ltr'><strong><em>ita</em></strong></span> <span class='ocrx_word' id='word_1_249' title='bbox 651 3071 686 3115; x_wconf 90' lang='lat' dir='ltr'><strong><em>se</em></strong></span> <span class='ocrx_word' id='word_1_250' title='bbox 714 3071 831 3134; x_wconf 86' lang='lat' dir='ltr'><strong><em>graves</em></strong></span> <span class='ocrx_word' id='word_1_251' title='bbox 862 3073 941 3130; x_wconf 83' lang='lat' dir='ltr'><strong><em>esse,</em></strong></span> <span class='ocrx_word' id='word_1_252' title='bbox 975 3058 1011 3117; x_wconf 93' lang='lat' dir='ltr'><strong><em>ut</em></strong></span> <span class='ocrx_word' id='word_1_253' title='bbox 1031 3056 1060 3118; x_wconf 89' lang='lat' dir='ltr'><strong><em>si</em></strong></span> <span class='ocrx_word' id='word_1_254' title='bbox 1081 3055 1278 3121; x_wconf 83' lang='lat' dir='ltr'><strong><em>ueritatem</em></strong></span> <span class='ocrx_word' id='word_1_255' title='bbox 1298 3059 1409 3122; x_wconf 87' lang='lat' dir='ltr'><strong><em>volent</em></strong></span> 
     </span>
     <span class='ocr_line' id='line_1_28' title="bbox 164 3156 892 3241; baseline -0.001 -18"><span class='ocrx_word' id='word_1_256' title='bbox 164 3159 320 3239; x_wconf 80' lang='lat' dir='ltr'><strong><em>uetiaere,</em></strong></span> <span class='ocrx_word' id='word_1_257' title='bbox 345 3156 568 3241; x_wconf 74' lang='lat' dir='ltr'><strong><em>pravitatem</em></strong></span> <span class='ocrx_word' id='word_1_258' title='bbox 589 3159 711 3238; x_wconf 88' lang='lat' dir='ltr'><strong><em>possint</em></strong></span> <span class='ocrx_word' id='word_1_259' title='bbox 734 3160 892 3224; x_wconf 79' lang='lat' dir='ltr'><strong><em>obticere.</em></strong></span> 
     </span>
    </p>

    <p class='ocr_par' dir='ltr' id='par_1_10' title="bbox 165 3262 1409 3760">
     <span class='ocr_line' id='line_1_29' title="bbox 269 3262 1408 3347; baseline 0.004 -21"><span class='ocrx_word' id='word_1_260' title='bbox 269 3264 371 3326; x_wconf 86' lang='lat' dir='ltr'><strong><em>Plura</em></strong></span> <span class='ocrx_word' id='word_1_261' title='bbox 394 3263 494 3326; x_wconf 87' lang='lat' dir='ltr'><strong><em>etiam</em></strong></span> <span class='ocrx_word' id='word_1_262' title='bbox 524 3264 620 3326; x_wconf 91' lang='lat' dir='ltr'><strong><em>buius</em></strong></span> <span class='ocrx_word' id='word_1_263' title='bbox 650 3262 765 3327; x_wconf 83' lang='lat' dir='ltr'><strong><em>Asiani</em></strong></span> <span class='ocrx_word' id='word_1_264' title='bbox 797 3266 898 3327; x_wconf 87' lang='lat' dir='ltr'><strong><em>moris</em></strong></span> <span class='ocrx_word' id='word_1_265' title='bbox 932 3263 1059 3327; x_wconf 91' lang='lat' dir='ltr'><strong><em>dicendi</em></strong></span> <span class='ocrx_word' id='word_1_266' title='bbox 1093 3266 1248 3347; x_wconf 85' lang='lat' dir='ltr'><strong><em>exempla</em></strong></span> <span class='ocrx_word' id='word_1_267' title='bbox 1281 3285 1325 3330; x_wconf 82' lang='lat' dir='ltr'><strong><em>ex</em></strong></span> <span class='ocrx_word' id='word_1_268' title='bbox 1359 3268 1408 3330; x_wconf 90' lang='lat' dir='ltr'><strong><em>his</em></strong></span> 
     </span>
     <span class='ocr_line' id='line_1_30' title="bbox 165 3367 1407 3452; baseline 0.002 -21"><span class='ocrx_word' id='word_1_269' title='bbox 165 3368 294 3432; x_wconf 87' lang='lat' dir='ltr'><strong><em>duabus</em></strong></span> <span class='ocrx_word' id='word_1_270' title='bbox 309 3368 511 3431; x_wconf 88' lang='lat' dir='ltr'><strong><em>orationibus</em></strong></span> <span class='ocrx_word' id='word_1_271' title='bbox 534 3367 654 3431; x_wconf 86' lang='lat' dir='ltr'><strong><em>afferre</em></strong></span> <span class='ocrx_word' id='word_1_272' title='bbox 676 3385 817 3449; x_wconf 87' lang='lat' dir='ltr'><strong><em>possum,</em></strong></span> <span class='ocrx_word' id='word_1_273' title='bbox 840 3367 898 3432; x_wconf 91' lang='lat' dir='ltr'><strong><em>sed</em></strong></span> <span class='ocrx_word' id='word_1_274' title='bbox 920 3386 1204 3449; x_wconf 86' lang='lat' dir='ltr'><strong><em>supervacaneum</em></strong></span> <span class='ocrx_word' id='word_1_275' title='bbox 1226 3389 1298 3433; x_wconf 91' lang='lat' dir='ltr'><strong><em>esse</em></strong></span> <span class='ocrx_word' id='word_1_276' title='bbox 1320 3374 1407 3452; x_wconf 89' lang='lat' dir='ltr'><strong><em>puto,</em></strong></span> 
     </span>
     <span class='ocr_line' id='line_1_31' title="bbox 166 3458 1409 3556; baseline 0.002 -21"><span class='ocrx_word' id='word_1_277' title='bbox 166 3474 245 3554; x_wconf 87' lang='lat' dir='ltr'><strong><em>quia</em></strong></span> <span class='ocrx_word' id='word_1_278' title='bbox 259 3473 359 3535; x_wconf 90' lang='lat' dir='ltr'><strong><em>etiam</em></strong></span> <span class='ocrx_word' id='word_1_279' title='bbox 377 3458 571 3553; x_wconf 77' lang='lat' dir='ltr'><strong><em>posteriores</em></strong></span> <span class='ocrx_word' id='word_1_280' title='bbox 587 3473 749 3536; x_wconf 88' lang='lat' dir='ltr'><strong><em>orationes</em></strong></span> <span class='ocrx_word' id='word_1_281' title='bbox 765 3473 905 3555; x_wconf 84' lang='lat' dir='ltr'><strong><em>vestigia</em></strong></span> <span class='ocrx_word' id='word_1_282' title='bbox 928 3474 1086 3554; x_wconf 85' lang='lat' dir='ltr'><strong><em>praebent</em></strong></span> <span class='ocrx_word' id='word_1_283' title='bbox 1109 3474 1254 3538; x_wconf 86' lang='lat' dir='ltr'><strong><em>Asiatica</em></strong></span> <span class='ocrx_word' id='word_1_284' title='bbox 1276 3478 1308 3537; x_wconf 89' lang='lat' dir='ltr'><strong><em>et</em></strong></span> <span class='ocrx_word' id='word_1_285' title='bbox 1330 3476 1409 3556; x_wconf 90' lang='lat' dir='ltr'><strong><em>quia</em></strong></span> 
     </span>
     <span class='ocr_line' id='line_1_32' title="bbox 166 3576 1409 3660; baseline 0.003 -22"><span class='ocrx_word' id='word_1_286' title='bbox 166 3579 338 3657; x_wconf 86' lang='lat' dir='ltr'><strong><em>sequentes</em></strong></span> <span class='ocrx_word' id='word_1_287' title='bbox 360 3576 447 3639; x_wconf 89' lang='lat' dir='ltr'><strong><em>duae</em></strong></span> <span class='ocrx_word' id='word_1_288' title='bbox 469 3577 703 3640; x_wconf 83' lang='lat' dir='ltr'><strong><em>dissertationis</em></strong></span> <span class='ocrx_word' id='word_1_289' title='bbox 726 3582 835 3658; x_wconf 90' lang='lat' dir='ltr'><strong><em>partes</em></strong></span> <span class='ocrx_word' id='word_1_290' title='bbox 859 3577 979 3659; x_wconf 85' lang='lat' dir='ltr'><strong><em>dignae</em></strong></span> <span class='ocrx_word' id='word_1_291' title='bbox 1001 3583 1083 3656; x_wconf 87' lang='lat' dir='ltr'><strong><em>sunt,</em></strong></span> <span class='ocrx_word' id='word_1_292' title='bbox 1112 3596 1200 3660; x_wconf 90' lang='lat' dir='ltr'><strong><em>qnae</em></strong></span> <span class='ocrx_word' id='word_1_293' title='bbox 1223 3579 1353 3659; x_wconf 88' lang='lat' dir='ltr'><strong><em>planius</em></strong></span> <span class='ocrx_word' id='word_1_294' title='bbox 1376 3584 1409 3642; x_wconf 91' lang='lat' dir='ltr'><strong><em>et</em></strong></span> 
     </span>
     <span class='ocr_line' id='line_1_33' title="bbox 168 3680 537 3760; baseline 0.008 -19"><span class='ocrx_word' id='word_1_295' title='bbox 168 3680 327 3760; x_wconf 87' lang='lat' dir='ltr'><strong><em>copiosius</em></strong></span> <span class='ocrx_word' id='word_1_296' title='bbox 349 3684 537 3746; x_wconf 87' lang='lat' dir='ltr'><strong><em>tractentur.</em></strong></span> 
     </span>
    </p>
   </div>
   <div class='ocr_carea' id='block_1_9' title="bbox 0 0 1586 4972">
    <p class='ocr_par' dir='ltr' id='par_1_11' title="bbox 0 0 1586 4972">
     <span class='ocr_line' id='line_1_34' title="bbox 0 0 1586 4972; baseline 0 0"><span class='ocrx_word' id='word_1_297' title='bbox 0 0 1586 4972; x_wconf 95' lang='lat' dir='ltr'><strong><em> </em></strong></span> 
     </span>
    </p>
   </div>
  </div>
 </body>
</html>
