3158 4972
688 239 881 302 ..16-

311 430 341 493 p.
363 412 402 474 R.
428 411 501 475 Am.
520 415 543 487 ἕ.
564 412 604 476 67
780 413 784 455 ¹
986 416 1020 479 in
1041 417 1104 482 Pis.
1127 423 1151 497 §-
1173 420 1215 486 46

229 530 334 597 Nolite
354 535 436 597 euleu
450 540 575 616 putore,
600 535 757 617 quemad·
869 537 974 602 Nolite
990 542 1072 605 euim
1085 551 1197 626 putore
1215 551 1250 609 ut
1261 547 1294 609 in
1307 567 1399 611 seeuo

160 638 296 701 modum
321 639 354 701 iu
369 635 498 721 sabulis
515 658 757 720 saepenumero
781 625 917 723 loidetis
936 645 1085 709 homines
1105 650 1326 714 consceleratos
1341 653 1398 714 iou·

161 742 281 825 videtu,
322 761 376 806 eos
411 745 468 825 qui
501 744 627 825 aliquid
656 747 758 827 impic
800 745 898 828 pulsu
928 746 1058 812 deorum
1089 752 1207 814 terreri
1229 752 1399 817 furialibus

160 851 388 932 scelerateque
402 850 624 913 commiserint
636 852 758 933 uqitori
804 851 905 916 taedis
927 853 1119 919 ardentibus.
1159 855 1226 920 Sue
1258 877 1400 942 quemque

161 958 193 1015 et
208 955 385 1034 perterreri
400 951 577 1015 Furiarum
588 951 690 1015 taedis
705 973 757 1015 ur·
797 952 907 1036 senua,
931 975 1029 1018 sunm
1052 959 1188 1038 facinus,
1219 981 1316 1023 suum
1339 980 1401 1027 sce·

161 1056 312 1122 dentibus.
348 1055 416 1120 Suo
439 1076 587 1141 quemque
601 1056 704 1140 fraus
726 1061 758 1120 et
806 1060 864 1135 lus,
887 1077 948 1121 sua
970 1060 1110 1122 audacia
1134 1062 1175 1125 de
1198 1067 1339 1129 sanitate
1367 1086 1406 1129 ac

161 1183 238 1225 suus
251 1167 355 1225 terror
370 1163 518 1223 maxime
530 1166 643 1225 vexat:
660 1180 757 1223 sunm
804 1166 913 1223 mente
937 1162 1097 1226 deturbat.
1142 1163 1214 1227 Hue
1237 1176 1311 1230 suut
1345 1172 1405 1234 im-

161 1286 309 1352 quemque
337 1267 444 1329 scelus
474 1267 576 1346 agitat
598 1267 756 1329 amentia·
800 1267 928 1348 piorum
966 1266 1094 1349 Furiae,
1138 1270 1200 1330 hae
1236 1269 1403 1355 flammae,

162 1390 227 1453 que
259 1370 382 1433 adficit:
422 1386 503 1432 suae
536 1369 640 1433 euoloe
674 1371 756 1454 σορκ·-
806 1370 868 1431 hae
890 1370 987 1433 facee.

161 1476 293 1539 tationes
333 1475 617 1556 conscientiaeque
654 1475 757 1536 animi

161 1583 290 1642 terrent.
335 1578 425 1642 Haec
448 1586 520 1643 suut
543 1580 649 1663 impiis
672 1578 757 1641 adsi·
804 1577 847 1640 de
869 1575 931 1659 leg.
953 1578 1108 1662 1,r4‚40:
1132 1597 1188 1642 eos
1211 1582 1337 1664 oqituut
1354 1582 1402 1643 in-

162 1681 523 1765 dnaedomesticaeque
531 1684 660 1761 Furiae,
670 1703 757 1766 qnae
804 1689 1036 1766 sectenturque
1050 1680 1181 1763 Furiae,
1205 1703 1269 1749 non
1291 1685 1404 1750 orolen-

162 1786 231 1849 dies
254 1791 431 1869 noctesque
443 1791 616 1867 parentum
633 1805 758 1870 poenas
805 1787 886 1878 tibus
909 1787 1009 1852 toeolia
1032 1789 1113 1852 sicut
1137 1790 1172 1852 iu
1186 1788 1323 1873 sobolis,
1347 1790 1404 1854 sed

162 1907 183 1951 a
213 1891 533 1953 consceleratissimis
564 1892 638 1954 filiis
664 1910 758 1973 repe·
805 1914 924 1977 ouqore
965 1895 1174 1959 eonscientiae
1213 1895 1405 1978 fraudisque

163 1999 243 2057 tunt.
805 1999 961 2060 cruciatu.

265 2203 415 2267 Aeschin.
437 2203 471 2267 in
493 2203 577 2267 Tim.
601 2205 664 2268 180
687 2205 759 2268 Sch.
783 2205 832 2287 μὴ
863 2204 939 2288 γὰρ
969 2202 1113 2267 οἴεσθε
1143 2205 1198 2280 τὰς
1221 2211 1283 2267 τῶν
1308 2205 1407 2267 ἀτυ-

162 2304 352 2390 χημάτων
377 2306 506 2390 ἀρχὰς
530 2307 608 2369 ἀπὸ
631 2306 755 2389 θεῶν,
779 2305 853 2370 ἀλλ’
876 2309 938 2392 οὐχ
960 2306 1014 2370 ὑπ’
1032 2305 1212 2391 ἀνθρώπων
1237 2305 1406 2391 ἀσελγείας

161 2407 338 2495 γίγνεσθαι,
361 2408 441 2494 μηδὲ
462 2413 536 2486 τοὺς
559 2411 817 2497 ἠσεβηκότας
840 2410 1033 2494 καθάπερ
1064 2411 1102 2475 ἐν
1132 2418 1221 2488 ταῖς
1252 2431 1408 2496 τραγῳ-

163 2512 266 2590 δίαις
288 2510 407 2601 Ποινὰς
441 2511 626 2578 ἐλαύνειν
659 2514 715 2576 καί
748 2512 901 2592 κολάζειν
936 2512 1299 2599 δᾳσὶνὴμμὲναις.
1335 2513 1409 2578 ἀλλ’

163 2615 202 2679 αἱ
225 2625 435 2701 προπετεῖς
458 2625 523 2681 τοῦ
548 2617 738 2701 σώματος
759 2617 904 2702 ἡδοναὶ
926 2617 981 2680 καί
1003 2619 1039 2681 τὸ
1057 2617 1153 2703 μηδὲν
1171 2617 1280 2683 ἱκανὸν
1301 2618 1408 2703 ἡγεῖσ-

162 2720 230 2804 θαι,
251 2729 351 2785 ταῦτα
373 2719 494 2806 πληροῖ
513 2723 552 2785 τὰ
575 2720 732 2806 λῃστήρια
750 2759 787 2769 -
805 2720 910 2786 ταῦτ’
933 2720 1040 2786 ἐστιν
1064 2721 1224 2806 ἑκάστῳ
1247 2720 1378 2805 Ποινή.

268 2828 320 2891 Ab
342 2827 447 2891 Ennio
470 2828 572 2891 verba
595 2825 709 2910 ,ῥᾷδες
742 2824 899 2910 ἡμμένοιιι
923 2844 1081 2890 converse
1103 2836 1178 2891 sunt
1200 2827 1337 2913 „taedae
1360 2846 1410 2890 ar·

55 2983 59 2989 .
164 2932 306 2997 dentes“.
327 2931 409 2994 Inde
431 2933 587 3013 sequitur,
611 2936 647 2994 ut
671 2920 785 3011 ,ῥαδεζ
807 2927 964 3013 ἡμμένον(
989 2936 1079 2994 certa
1102 2932 1268 3014 quaedam
1288 2933 1411 2996 locutio

163 3037 261 3102 luerit
282 3039 317 3100 in
339 3036 473 3100 Graecis
495 3037 624 3119 fabulis,
658 3034 745 3097 unde
768 3033 949 3098 Aeschines
972 3054 1047 3098 eam
1070 3039 1217 3120 sumpsit,
1251 3035 1410 3118 quemad·

164 3142 300 3206 modum
325 3140 463 3219 „taedae
485 3136 654 3203 ardentes“
680 3139 713 3202 in
735 3139 866 3216 Latinis,
904 3138 991 3202 unde
1014 3139 1129 3204 Cicero
1152 3138 1274 3204 ascivit.
1297 3128 1300 3135 ’
1319 3138 1410 3202 Veri·

164 3247 272 3310 simile
295 3250 343 3309 est
365 3244 558 3309 Ciceronem
580 3243 864 3307 adulescentulum
899 3247 935 3305 nt
957 3244 1039 3306 alios
1070 3245 1271 3308 Graecorum
1300 3241 1410 3316 libros,

165 3351 212 3414 sic
230 3352 315 3414 hanc
330 3349 511 3427 orationem
529 3347 699 3411 Aeschinis
719 3347 961 3410 exercitationis
977 3366 1077 3410 cansa
1091 3349 1124 3407 in
1140 3346 1293 3407 Latinum
1310 3349 1411 3407 trans·

166 3455 279 3518 tulisse
300 3458 401 3536 atque
424 3470 464 3514 ex
488 3470 529 3514 ea
551 3453 688 3514 selectas
715 3450 878 3533 quasdam
901 3452 1075 3514 sententias
1104 3449 1253 3531 egregias
1284 3449 1339 3510 vel
1361 3449 1411 3511 lit-

166 3560 244 3621 teris
267 3559 321 3622 vel
342 3556 507 3620 mentibus
529 3555 712 3619 mandasse.
758 3553 846 3637 Quin
869 3556 968 3618 etiam
991 3555 1065 3616 illas
1088 3553 1251 3616 orationes
1278 3551 1411 3615 Aeschi-

166 3663 215 3725 nis
239 3668 271 3726 et
292 3661 522 3726 Demosthenis
558 3660 618 3744 „de
641 3663 781 3724 eorona“
816 3658 1008 3723 Ciceronem
1031 3658 1098 3719 iam
1118 3655 1406 3720 adulescentulum

167 3767 364 3830 convertisse
387 3769 419 3828 et
440 3782 525 3828 anno
547 3765 598 3842 44,
633 3784 709 3827 eum
738 3765 862 3828 librum
886 3762 949 3841 „de
971 3762 1094 3844 optimo
1116 3779 1237 3842 genero
1259 3761 1409 3826 dicendi“

167 3871 339 3953 scripserit,
371 3870 423 3933 cui
450 3868 509 3932 has
531 3870 694 3932 orationes
717 3886 890 3932 conversas
914 3868 1009 3949 quasi
1030 3856 1191 3946 optimum
1215 3868 1405 3947 exemplum

166 3974 310 4052 inseruit,
333 3976 454 4037 iterum
475 3973 678 4037 recensuisse
700 3978 799 4055 etque
821 3970 989 4032 limavisse
1012 3967 1217 4034 crediderim.
1226 3970 1258 4051 *J

272 4302 300 4374 *J
336 4301 523 4356 Gravissimus
540 4300 624 4354 huius
641 4299 682 4353 rei
699 4297 776 4354 locus
795 4295 866 4351 mihi
885 4301 925 4350 est
943 4295 977 4351 de
995 4297 1041 4351 Or.
1060 4294 1081 4369 Ι,
1099 4296 1141 4369 34,
1159 4297 1219 4366 155,
1245 4291 1293 4347 uhi
1312 4292 1407 4348 Cicero

168 4387 299 4442 Crassum
316 4387 477 4458 loquentem
495 4390 573 4441 facit:
602 4389 702 4441 Postea
719 4387 789 4440 mihi
806 4386 911 4457 placuit
929 4401 1018 4455 eoque
1036 4402 1099 4439 sum
1116 4400 1183 4439 usus
1200 4387 1358 4449 adulescens,
1377 4385 1409 4433 ut
