3158 4972
692 283 885 345 ..45-

265 451 350 515 Tota
373 454 455 516 haec
474 456 624 535 quaestio
639 457 822 518 continetur
837 457 935 519 rebus
953 455 1172 521 iudicialibus
1205 451 1293 518 Socii
1309 455 1412 534 [Hau-

161 553 470 651 delscompagnons)
493 558 581 620 enim
604 557 646 621 ad
669 561 929 622 mutuaminter
946 578 986 623 se
1002 560 1219 640 patrocinium
1237 560 1413 622 utebantur

161 659 285 723 notione
311 679 373 742 pro
405 661 487 724 socio
516 665 770 744 contractaeque
797 663 870 726 lites
899 661 1132 727 indicabantur
1162 682 1221 744 per
1245 661 1412 726 arbitrum.

162 763 296 827 Arbiter
324 768 438 827 autem
467 765 528 828 hac
550 784 586 828 re
609 767 652 830 ab
675 766 783 829 iudice
807 766 978 847 discrepat,
1014 766 1099 849 quod
1124 768 1223 829 nullis
1245 767 1358 848 legum
1381 771 1413 830 et

162 866 379 931 formularum
401 869 541 932 vinculis
564 868 737 932 adstrictus
760 874 817 952 est,
840 869 895 932 sed
921 871 1154 951 exaequitate
1170 869 1312 948 iudicat3
1335 869 1412 933 inde

163 972 264 1033 etiam
286 972 455 1036 arbitrium
479 971 597 1035 dicitur
620 975 790 1056 sententia,
814 991 900 1054 quae
923 973 966 1036 ab
989 974 1113 1036 arbitro
1136 974 1289 1037 statuitur
1310 975 1413 1052 (Fest.

162 1094 194 1156 p.
218 1074 341 1154 15‘M).

266 1180 386 1244 iamsi
402 1185 528 1244 ceteros
543 1181 633 1244 locos
649 1167 848 1260 inspicimus,
865 1182 922 1244 ubi
938 1181 979 1276 de
994 1182 1044 1244 his
1060 1181 1203 1245 arbitriis
1221 1183 1344 1245 mentio
1360 1183 1411 1246 fit:

318 1284 357 1349 R.
380 1283 415 1348 C.
437 1289 462 1361 ἕ.
481 1286 526 1346 ,25
550 1266 608 1346 our
631 1301 695 1346 uon
719 1285 877 1347 arbitrum
891 1305 957 1368 -ρνο
980 1287 1062 1349 socio
1085 1284 1264 1365 adegeris?

317 1389 395 1452 ibid.
420 1407 522 1471 quem
551 1408 612 1471 ρον
634 1387 791 1451 arbitrum
824 1389 1064 1452 circumvenire
1087 1389 1197 1470 posses
1220 1438 1227 1453 .
1250 1434 1258 1452 .
1280 1435 1297 1466 .,
1328 1390 1413 1453 hunc

159 1515 219 1578 ρον
241 1493 375 1558 iudicem
398 1493 661 1557 condemnabis?

319 1599 358 1665 R.
381 1599 420 1660 A.
443 1603 467 1674 S.
491 1599 556 1660 114
578 1615 685 1660 nonne
708 1595 880 1660 damnatos
897 1616 958 1679 ρον
982 1597 1147 1660 arbitrum.

320 1703 407 1766 Tull.
430 1707 455 1779 §.
479 1702 519 1764 53
548 1705 584 1763 tu
607 1706 664 1763 aut
693 1720 755 1783 ρον
785 1700 942 1764 arbitrum
970 1702 1123 1765 restituas
1154 1707 1211 1764 aut
1239 1704 1413 1784 sponsione

164 1807 403 1872 condemneris.

268 1912 359 1975 nullo
392 1910 491 1973 modo
525 1910 664 1974 dubium
698 1907 780 1972 mihi
813 1909 952 1988 videtur,
989 1911 1069 1992 quin
1103 1912 1203 1973 etiam
1243 1912 1304 1974 hoc
1341 1912 1412 1974 loco

161 2006 342 2096 'legendum
358 2016 418 2078 sit:
436 2034 498 2097 ρον
514 2015 671 2077 arbitrum
682 2034 744 2097 pro
760 2015 842 2077 socio
859 2014 1080 2077 condemnari.
1116 2016 1224 2097 Atque
1240 2016 1413 2078 arbitrium

164 2137 223 2199 pro
257 2120 419 2183 arbitrum
454 2119 598 2182 scribere
631 2119 825 2181 facillimum
859 2120 892 2181 in
926 2119 1060 2181 modum
1091 2119 1227 2183 librario
1261 2120 1414 2182 accidere

163 2226 268 2305 potuit
296 2225 350 2301 (cf.
377 2243 407 2305 p.
435 2224 474 2286 R.
506 2221 541 2286 O.
569 2227 595 2299 §.
620 2224 684 2303 25),
719 2225 751 2284 et
779 2223 976 2302 praepositio
1009 2243 1068 2304 ρον
1091 2224 1212 2286 omissa
1236 2241 1309 2286 esse
1333 2225 1413 2286 mihi
1454 2259 1472 2283 a

163 2329 293 2392 videtur
323 2347 363 2392 ex
392 2328 492 2390 simili
514 2327 792 2408 palaeographica
821 2326 1025 2389 breviatione
1052 2328 1330 2408 praepositionum
1355 2346 1413 2408 per

164 2437 197 2495 et
218 2450 287 2514 pro

268 2538 379 2619 Atque
410 2538 459 2599 his
491 2537 595 2599 tribus
630 2535 865 2598 dissertationis
889 2535 1036 2615 partibus
1059 2534 1101 2598 ad
1125 2536 1222 2598 finem
1246 2535 1413 2617 perductis

163 2645 191 2704 si
212 2643 322 2704 animo
347 2641 585 2722 perlustramus
609 2644 713 2702 totum
737 2641 856 2707 harum
879 2640 1064 2702 orationum
1087 2640 1247 2723 habitum,
1271 2642 1343 2722 quis
1366 2647 1424 2704 est·

164 2747 221 2827 qui
243 2750 340 2826 neget
361 2745 568 2807 simillimum
592 2761 665 2806 esse
688 2743 831 2805 alterum
855 2742 989 2805 alterius
1011 2761 1113 2824 genus
1137 2743 1292 2807 dicendi?
1325 2738 1414 2809 Nam

164 2851 191 2911 si
213 2852 429 2930 praeterimus
444 2849 546 2911 ‘illam
570 2848 728 2911 Asiauam
752 2820 938 2930 dictionem,
969 2865 1037 2928 qua
1059 2867 1190 2911 summe
1212 2848 1303 2912 floret
1326 2850 1413 2912 utia-

165 2972 230 3035 que
245 2955 358 3036 oratio,
380 2944 445 3016 non
467 2954 513 3015 ita
535 2970 643 3034 pauca
664 2952 769 3015 verba
792 2956 824 3014 et
846 2953 1026 3014 locutiones
1050 2953 1207 3033 colligere
1229 2963 1413 3039 possumus,

165 3058 284 3138 quibus
307 3055 423 3120 Cicero
445 3059 478 3119 in
502 3056 551 3118 his
573 3061 701 3118 tantum
722 3056 926 3119 orationibus
950 3056 1060 3133 utitur,
1083 3061 1118 3118 ut

270 3160 487 3224 commendare
511 3166 538 3223 et
561 3159 767 3224 concredere:
791 3159 853 3242 Qu.
875 3161 937 3244 623
960 3161 998 3223 R.
1022 3159 1061 3222 A.
1084 3159 1148 3222 113

268 3264 419 3329 horridus
443 3299 481 3310 -·
507 3263 640 3327 aridus:
663 3262 725 3347 Qu.
748 3263 810 3341 933
834 3264 874 3327 R.
898 3264 936 3327 A.
961 3265 1002 3326 75

269 3372 351 3434 iuter
373 3370 459 3433 oinos
481 3388 671 3457 numerare:
694 3366 756 3450 Qu.
779 3368 844 3445 433
869 3368 909 3430 R.
932 3368 971 3430 A.
994 3369 1058 3431 113

267 3476 400 3538 nuntios
422 3456 569 3537 coloceri
592 3470 655 3554 Qu.
679 3471 743 3550 803
766 3471 805 3535 R.
830 3471 868 3535 A.
895 3471 933 3533 19

268 3597 365 3642 voces
388 3585 474 3642 octus
497 3583 529 3641 et
552 3578 701 3661 antiquus
726 3582 794 3639 tam
816 3577 971 3657 religiose
995 3575 1166 3638 distinctae
1188 3594 1219 3656 p.
1243 3576 1294 3638 27.
1319 3576 1370 3639 28.

269 3684 322 3745 vel
344 3683 574 3764 praeteream
598 3681 739 3765 epistulis
762 3685 888 3743 tantum

269 3787 422 3850 iniuriam
437 3785 553 3870 fucere
576 3785 638 3868 Qu.
661 3787 724 3863 313
748 3785 787 3847 a.
812 3784 851 3847 A.
876 3784 957 3862 1463
981 3785 1059 3846 fam.
1082 3784 1139 3860 III,
1164 3783 1192 3860 8,
1218 3781 1237 3846 3
1278 3856 1280 3862 .

270 3891 378 3973 inopia
402 3897 430 3954 ct
451 3888 586 3954 solitudo
610 3888 672 3972 Qu.
696 3891 737 3967 53
761 3888 800 3950 R.
825 3886 949 3967 Ar203
974 3886 1038 3970 Qu.
1061 3890 1097 3950 fr.
1121 3889 1145 3965 I,
1171 3888 1186 3949 1
1212 3893 1237 3965 ἕ.
1261 3889 1302 3950 25
1315 3888 1347 3968 *)

269 3992 1311 4079 noae0-·qcoou.s;1t.u.51;Attic.111‚15,4niia

269 4245 297 4314 ⁴³)
333 4242 410 4295 Hanc
434 4240 587 4295 formulam
610 4241 682 4294 mihi
696 4241 797 4295 ,Cicero
822 4259 858 4295 ex
879 4245 1014 4308 Cornificio
1039 4240 1168 4321 ascivisse
1193 4239 1313 4308 videtur,
1338 4237 1414 4306 apud

169 4347 253 4398 quem
271 4331 391 4400 legimus
409 4329 430 4380 1.
449 4334 470 4394 ς.
488 4327 504 4378 8
522 4331 645 4395 inopiam,
664 4333 837 4396 solitudinem,
857 4329 1041 4382 calamitatem
1066 4327 1111 4396 [cf.
1128 4326 1165 4378 ib.
1183 4325 1211 4376 II
1230 4330 1251 4392 §-
1271 4325 1307 4395 7).
1343 4324 1414 4377 inde

167 4420 251 4471 etiam
268 4419 364 4472 Cicero
386 4419 417 4469 in
434 4416 508 4468 libro
528 4415 562 4467 de
579 4416 635 4467 inv.
655 4414 707 4482 Γῇ.
725 4416 777 4468 109
794 4421 891 4486 iuopia,
911 4416 1066 4481 infirmitas,
1085 4417 1203 4466 solitudo.
1239 4411 1304 4465 Vox
1322 4415 1413 4480 iuopia
