3158 4972
686 271 884 335 ..21-

164 450 286 514 inciam
295 466 357 531 ego
365 449 450 512 huno
457 463 528 509 rem
541 463 585 508 ex
593 444 732 527 proclivi
739 444 882 527 planam.
899 445 1055 511 Similiter
1063 445 1179 512 Cicero
1187 466 1247 531 pro
1258 450 1412 532 „planum

163 551 202 618 f.“
216 554 319 616 utitur
331 550 462 617 duobus
473 551 569 644 locist
583 551 786 634 perspicuum
797 551 817 614 f.
828 568 859 632 p.
871 551 912 615 R.
921 551 995 615 Am
1008 556 1032 628 S.
1041 552 1082 616 18
1092 575 1100 636 3
1112 554 1205 618 Verr.
1217 558 1278 617 act.
1290 572 1337 635 pr.
1349 556 1412 633 §.53

164 658 202 721 ol.
225 655 348 721 Cornii.
369 644 427 733 lv,
449 658 473 732 §.
496 655 547 717 53.

267 762 449 824 Praeterea
470 774 579 824 sermo
594 758 735 821 rusticus
756 761 790 820 ct
814 792 851 804 -
876 777 919 822 ex
939 760 1122 824 imitatione
1144 763 1215 824 eius
1237 797 1280 806 -
1303 780 1412 826 sermo

164 867 309 931 comicus
332 864 525 945 saepissime
548 862 658 926 verbis
681 860 796 945 fucere
819 866 851 926 el
873 883 985 945 cepere
1007 867 1144 927 utuntur
1166 883 1242 927 cum
1265 866 1411 928 substan-

165 971 241 1033 tivis
274 968 452 1033 coniunctis
482 986 541 1049 pro
571 966 767 1050 simplicibus
790 972 823 1030 et
851 968 996 1051 propriis
1025 968 1144 1046 verbis,
1178 969 1271 1032 velut
1293 969 1413 1053 stipem

158 1071 273 1157 secere
295 1099 339 1127 =
362 1073 477 1154 fugere
498 1071 574 1135 Ter.
596 1070 679 1133 Eun.
710 1070 793 1155 787,
823 1071 1054 1156 obsequentiam
1069 1071 1101 1155 f.
1132 1099 1176 1127 =
1205 1074 1344 1155 obsequi
1365 1074 1414 1136 ΡΙ.

168 1178 254 1245 Asin.
284 1178 346 1255 65,
381 1173 541 1259 ruimesf.
568 1204 612 1230 -ε
634 1193 733 1239 ruere
754 1176 850 1240 Lucr.
874 1177 898 1257 Ι,
923 1174 1004 1255 740,
1039 1177 1117 1240 Hor.
1151 1181 1209 1239 sat.
1231 1177 1272 1255 Π,
1295 1178 1324 1260 8,
1347 1175 1412 1254 54,

165 1301 329 1347 numerum
352 1301 463 1365 capere
485 1308 529 1333 =
550 1297 728 1344 numerare
753 1281 802 1342 Pl.
825 1280 900 1343 Aul.
922 1280 978 1363 IV,
1002 1282 1054 1366 10,
1075 1281 1138 1364 68,
1171 1279 1298 1345 modum
1322 1303 1346 1344 c.
1371 1307 1412 1335 =

163 1386 330 1450 moderari
362 1385 436 1449 Aul.
469 1385 528 1467 ΙΙΙ,
552 1387 580 1462 5,
604 1385 666 1466 14,
699 1386 855 1449 rationem
877 1406 901 1450 c.
923 1412 968 1440 =
996 1386 1186 1449 ratiocinari
1216 1386 1263 1447 Pl.
1294 1385 1411 1449 Pseud.

164 1490 242 1571 5943
257 1488 331 1553 Ter.
347 1489 447 1552 Haut.
462 1489 525 1551 959
542 1489 624 1567 alia3
640 1490 741 1552 etiam
753 1488 842 1570 apud
855 1487 1048 1553 Ciceronem
1062 1489 1146 1551 tales
1161 1490 1412 1570 compositiones

161 1594 357 1677 invenimus,
390 1596 428 1655 ut
454 1591 644 1656 medicinam
669 1591 779 1675 facem
812 1620 855 1645 :
884 1591 1012 1655 mederi
1041 1611 1071 1673 p.
1094 1590 1222 1674 Quinot.
1257 1597 1282 1668 §.
1313 1592 1342 1669 8,
1373 1593 1412 1655 cf.

162 1698 433 1775 plautinorum
454 1695 566 1774 cisti,
580 1699 609 1774 1,
623 1697 680 1780 76,
696 1693 790 1760 Oura.
804 1697 885 1779 160,
902 1696 1148 1780 protelationem
1152 1693 1185 1778 s.
1196 1723 1240 1749 =
1251 1697 1412 1777 gratulari

163 1803 243 1866 fam.
251 1801 309 1880 XI,
320 1801 370 1864 18.
394 1799 545 1884 Quarum
555 1801 755 1864 locutionum
763 1800 871 1862 unain
880 1817 1090 1862 communem
1101 1799 1300 1880 optimorum
1312 1801 1412 1881 scrip-

163 1911 272 1969 torum
302 1925 399 1968 usum
431 1908 565 1987 recepta
591 1909 658 1969 est:
693 1905 904 1968 coniecturum
929 1902 1045 1986 faeere
1067 1904 1122 1966 vel
1146 1923 1266 1988 cepere.
1311 1904 1361 1967 Ao
1384 1923 1410 1969 c.

157 2007 274 2094 fecere
306 2009 418 2072 dicunt
446 2013 565 2091 poetae
595 2009 711 2072 comici
735 2008 886 2072 omnibus
909 2008 989 2070 locis
1012 2008 1066 2086 (cf.
1089 2010 1195 2072 Plaut.
1216 2009 1303 2070 Men.
1326 2009 1411 2092 164,

166 2111 260 2179 Cure.
290 2114 352 2179 246
380 2118 460 2197 etc.;
494 2113 568 2177 Ter.
599 2112 699 2176 Andr.
730 2111 814 2195 512,
847 2113 945 2175 Haut.
974 2113 1046 2197 266,
1076 2113 1157 2191 574,
1192 2111 1253 2175 Ad.
1275 2113 1355 2192 822)
1380 2117 1412 2174 et

165 2215 280 2283 Cicero
302 2219 336 2281 in
358 2217 561 2281 orationibus
585 2216 702 2294 decies,
724 2237 837 2299 cepere
860 2217 917 2279 tris
949 2216 1053 2294 (looos
1069 2215 1134 2281 cie.
1157 2239 1188 2280 v.
1211 2215 1301 2296 apud
1323 2216 1408 2278 Mer·

163 2325 243 2404 guel
278 2323 443 2407 „Lexicon
465 2342 507 2384 nu
529 2321 592 2385 den
622 2318 739 2384 Reden
768 2320 826 2384 des
849 2318 985 2383 Oicero“
1019 2321 1083 2385 vol.
1113 2320 1181 2383 IA
1203 2317 1295 2384 -G
1326 2318 1410 2384 1877

162 2445 186 2489 ε.
209 2448 239 2490 v.
261 2445 382 2509 capere
404 2430 437 2489 et
459 2425 670 2504 coniectura).
755 2432 759 2438 '
870 2493 873 2502 ,

269 2530 423 2612 Denique
446 2531 585 2593 verbum
617 2528 751 2612 simplem
778 2524 936 2610 „caperest
970 2529 1192 2609 usurpabatur
1221 2529 1255 2591 in
1278 2529 1412 2611 antiquo

163 2651 326 2718 sermone,
359 2633 418 2698 ubi
451 2652 561 2698 sermo
591 2634 737 2697 urbanus
765 2633 893 2695 maiore
923 2651 999 2695 oum
1027 2632 1207 2695 subtilitate
1237 2633 1413 2715 compositis

162 2739 283 2822 utitur3
312 2739 408 2802 sicuti
443 2739 544 2801 etiam
566 2740 600 2801 in
624 2738 774 2802 oratione
797 2735 964 2800 Ciceronis
987 2737 1096 2818 prima
1118 2757 1148 2818 p.
1171 2735 1299 2820 Quinct.
1322 2742 1348 2813 §.
1370 2737 1413 2800 45

161 2841 303 2923 legimus
337 2843 503 2923 „petitoris
526 2860 702 2924 personam
726 2862 845 2924 capere,
876 2841 1074 2904 accusatoris
1097 2840 1304 2923 deponere“3
1339 2842 1412 2905 aliis

162 2944 243 3009 locis
265 2945 367 3007 utitur
389 2946 491 3009 verbo
514 2947 694 3027 composito
717 2947 883 3029 suscipere,
906 2946 998 3008 utin
1022 2943 1114 3010 Orat.
1137 2944 1162 3022 Ι,
1185 2945 1316 3022 37,169
1340 2964 1411 3029 per·

161 3065 278 3113 sonam
300 3050 476 3129 suscipere.
521 3050 670 3131 Similem
699 3051 734 3112 in
764 3048 902 3112 modum
931 3050 1116 3130 reperimus
1139 3048 1227 3130 apud
1250 3050 1412 3113 comicos:

165 3154 309 3216 formam
336 3171 455 3235 cupere
488 3157 521 3216 et
553 3158 675 3217 statum
709 3155 757 3216 ΡΙ.
780 3153 899 3234 Amph.
933 3152 1017 3232 266,
1048 3155 1177 3234 gestum
1215 3153 1413 3234 vultumque

162 3276 276 3340 cepere
298 3256 372 3320 Ter.
396 3257 526 3319 Phorm.
549 3255 613 3319 890
624 3257 665 3337 *).

265 3360 352 3424 Huic
382 3360 454 3423 loco
488 3361 633 3422 inserere
662 3361 739 3424 licet
767 3360 944 3423 formulam
981 3360 1155 3440 „mimium
1174 3359 1308 3443 focere“
1343 3361 1413 3424 sine
1454 3432 1462 3443 ,

162 3463 273 3529 dativo
304 3483 363 3547 pro
386 3465 501 3528 iniuste
527 3462 665 3548 socere;
699 3464 792 3527 illam
815 3465 956 3546 legimus
981 3462 1109 3546 Quinet.
1133 3469 1157 3540 5.
1180 3465 1243 3547 31,
1275 3465 1314 3528 R.
1339 3464 1412 3528 Am.

164 3568 248 3651 146,
270 3571 347 3633 fam.
371 3569 430 3653 ΙΙΙ,
453 3568 482 3646 8,
505 3568 545 3653 3,
568 3569 653 3632 hanc
675 3569 783 3631 Flaco.
806 3573 831 3645 §-
853 3567 895 3631 41
919 3568 1038 3630 iniuste
1060 3568 1149 3671 facis.

266 3673 294 3735 3.
326 3671 418 3756 Quas
440 3691 527 3735 nnnc
549 3668 728 3735 tractamus
751 3675 815 3735 tres
839 3671 1037 3734 elocutiones
1060 3690 1081 3733 a
1100 3671 1411 3739 iurisconsultorum

162 3781 433 3868 sermone-natae
455 3775 532 3840 inde
554 3776 587 3838 in
610 3793 797 3839 sermonem
821 3775 1023 3840 cotidianum
1044 3775 1314 3854 influxerunt**).

266 4067 295 4137 *J
331 4065 374 4118 De
400 4067 486 4119 simili
510 4067 633 4121 formula
651 4053 798 4134 ¹„laborem
817 4072 929 4136 copere“
957 4084 1028 4136 quae
1047 4069 1156 4139 legitur
1180 4072 1209 4123 in
1235 4075 1304 4124 orat.
1328 4089 1354 4140 p.
1378 4072 1411 4124 R.

161 4153 240 4207 Com.
258 4158 280 4219 §.
297 4152 332 4205 49
351 4153 416 4205 vide
434 4153 665 4207 addidamentum
683 4153 719 4206 nd
739 4169 778 4207 or.
796 4171 821 4223 p.
839 4154 872 4206 R.
891 4153 969 4207 (lom.
987 4172 1011 4224 p.
1030 4155 1071 4208 48.

265 4241 310 4310 es)
346 4238 389 4291 De
407 4241 574 4292 commercio
587 4240 711 4307 quodam
724 4242 877 4294 verborum
888 4242 962 4294 inter
973 4258 1130 4296 sermonem
1144 4244 1410 4296 iurisconsultorum

161 4330 189 4378 st
207 4325 355 4379 hominum
368 4324 544 4409 plebeiorum
561 4342 656 4394 pauca·
666 4331 745 4381 notat
762 4332 873 4396 Rebliuy
890 4328 919 4380 in
936 4327 1047 4382 libello:
1065 4329 1191 4381 Versnch
1205 4331 1281 4382 einer
1295 4329 1411 4383 Charac-

162 4413 272 4465 teristik
291 4414 341 4465 der
360 4417 430 4465 rdm.
449 4411 716 4485 Umgangssprache,
734 4415 798 4468 Kiel
817 4414 884 4467 1873
902 4430 928 4483 p.
948 4415 988 4467 19.
