3158 4972
663 1478 789 1605 Pers
824 1478 914 1605 111.

264 1747 303 1810 16
327 1747 389 1809 heo
412 1745 647 1809 dissertationis
678 1750 772 1827 parte
799 1746 893 1808 nobis
916 1746 1132 1826 proprietates
1156 1746 1323 1828 quaedem
1345 1767 1414 1812 ser-

162 1852 268 1914 monis
284 1849 475 1914 tractandae
492 1853 575 1933 sunt,
599 1868 685 1932 qnae
702 1851 863 1931 pertinent
879 1854 911 1912 et
926 1849 969 1914 ad
990 1846 1195 1918 verborum
1223 1847 1414 1919 formatio·

162 1970 247 2020 nem
270 1957 302 2018 et
324 1952 366 2016 ad
390 1949 590 2040 syntexin.

269 2062 315 2124 Ac
338 2061 481 2141 primum
506 2060 642 2142 quidem
665 2058 754 2141 quod
781 2061 896 2123 attinet
917 2059 960 2124 ed
983 2061 1149 2126 verborum
1172 2061 1413 2146 formationem,

163 2167 302 2246 legimus
326 2167 360 2227 in
382 2184 427 2230 or.
450 2185 479 2246 p.
502 2162 539 2228 R.
564 2165 638 2228 Am.
663 2168 687 2239 S.
712 2164 774 2226 131
805 2165 946 2247 pernicii
968 2184 1069 2229 cause
1091 2169 1281 2232 auctoribus
1305 2168 1413 2232 Gellio

163 2270 222 2350 ix,
247 2269 296 2353 14,
326 2270 367 2332 19
391 2274 423 2332 61
446 2269 553 2333 Nonio
581 2270 655 2344 486,
680 2265 741 2345 28;
766 2266 890 2349 (locum
913 2269 1055 2333 similem
1075 2270 1200 2333 addunt
1223 2290 1266 2334 ex
1289 2271 1413 2334 Sisenn.

162 2373 243 2436 Hist.
267 2373 322 2436 lib.
346 2373 411 2436 VI:
445 2375 583 2457 pernicii
605 2375 730 2451 causa),
766 2390 971 2454 quamquam
997 2370 1168 2436 Charisius
1191 2374 1230 2451 (I,
1254 2377 1311 2455 15)
1335 2376 1415 2456 legit

158 2479 317 2561 pernicies
351 2482 384 2540 et
415 2477 544 2541 codices
574 2475 733 2557 praebent
763 2476 915 2557 pernicie.
960 2475 1025 2539 Sed
1060 2476 1167 2540 Gellio
1198 2479 1304 2540 maior
1333 2477 1415 2540 tides

163 2581 316 2649 habenda
332 2586 388 2666 est,
411 2583 535 2664 quippe
558 2583 614 2664 qui
638 2581 772 2660 propius
795 2578 931 2643 accedat
954 2578 996 2642 ad
1014 2578 1181 2643 Ciceronis
1204 2585 1351 2644 aetatem
1376 2583 1415 2644 of.

164 2684 325 2747 B'ucheler
347 2683 523 2749 Grundriss
546 2684 605 2747 der
627 2685 682 2746 lat.
706 2684 865 2747 Declinat.
891 2703 919 2765 p.
944 2684 995 2747 34.

269 2787 466 2870 Quaerere
491 2790 647 2870 colligere
670 2789 746 2852 licet
768 2790 868 2852 etiam
892 2789 966 2851 aliis
989 2788 1069 2851 locis
1098 2787 1292 2853 Ciceronem
1324 2793 1416 2851 vetu-

164 2892 280 2955 stiores
296 2892 421 2954 lormas
434 2911 620 2977 usurpasse,
643 2894 763 2974 quibus
779 2895 813 2956 in
836 2894 953 2956 nostris
977 2892 1174 2956 editionibus
1198 2912 1241 2955 ex
1264 2892 1415 2956 codicum

165 2996 231 3058 fide
265 2998 463 3061 recentiores
501 2999 716 3062 inveniantur.
774 2996 848 3080 Quo
887 3000 992 3079 magis
1027 2997 1178 3061 crederes
1212 2998 1416 3079 antiquiores

162 3102 286 3164 formos
310 3101 498 3164 retinendas
522 3121 594 3165 esse
616 3103 655 3164 iis
678 3103 767 3180 16616,
791 3103 911 3185 quibus
935 3103 1064 3166 codices
1088 3103 1247 3183 praebent
1269 3106 1306 3164 ut

267 3224 296 3286 p.
319 3204 358 3268 R.
380 3206 453 3267 Am.
477 3210 501 3281 §.
525 3204 607 3269 145:
641 3208 668 3268 si
697 3208 808 3270 16611116
830 3208 889 3285 (66.
919 3225 1019 3269 causa
1049 3208 1098 3268 vis
1126 3207 1293 3269 hominem
1326 3206 1410 3268 oeci·

164 3308 311 3387 derel‚ab
345 3327 429 3373 eone
458 3309 585 3392 aliquid
618 3311 762 3374 metuis?
793 3345 837 3357 -
867 3309 941 3392 Quo
976 3311 1047 3374 1666
1081 3309 1267 3391 Madvigius
1302 3329 1414 3372 recen-

164 3415 282 3477 tiorem
303 3416 445 3479 formam
467 3422 566 3480 metris
587 3417 737 3493 restituit,
765 3415 801 3478 id
823 3414 911 3497 quod
935 3415 1159 3495 probaverunt
1175 3433 1251 3477 curn
1267 3414 1325 3476 alii
1341 3418 1415 3476 tum
1521 3470 1527 3485 ,

165 3517 292 3601 Bergk.‚
314 3521 372 3602 qui
400 3521 433 3583 in
458 3520 618 3601 Philolog.
650 3520 714 3583 vol.
752 3520 794 3582 28
818 3538 848 3600 p.
871 3519 935 3582 462
960 3517 1001 3581 de
1029 3520 1089 3581 hoc
1119 3519 1190 3581 loco
1218 3518 1416 3581 haecdicit:

165 3618 280 3684 Cicero
303 3623 350 3701 ist,
385 3643 481 3688 wenu
511 3643 547 3687 er
578 3626 670 3687 auch
701 3624 900 3687 namentlich
932 3626 965 3685 'm
996 3623 1108 3686 seineu
1129 3623 1277 3686 eelteren
1299 3622 1415 3685 Reden

165 3727 321 3788 manches
350 3728 619 3810 Volksmaessige
652 3729 738 3790 noch
773 3728 985 3791 beibehalteu
1020 3727 1085 3804 hat,
1120 3746 1189 3789 was
1220 3745 1255 3789 er
1286 3730 1417 3807 speeter
1475 3750 1485 3765 ⁸

164 3830 266 3893 fallen
281 3831 391 3909 leesst,
414 3834 552 3896 niemals
569 3835 623 3896 ein
638 3850 674 3896 so
697 3833 898 3895 fanatischer
917 3831 1105 3895 Liebhaber
1128 3830 1186 3895 der
1203 3830 1419 3893 Archaismeu

166 3953 331 4018 gewesen‚
363 3935 439 3998 dass
470 3955 505 4000 er
528 3938 637 4001 dieser
659 3936 891 4000 Leidenscbalt
917 3935 972 3998 die
993 3936 1217 3999 Deutlichkeit
1240 3935 1298 3998 der
1314 3933 1418 4011 Rede,

165 4040 220 4103 die
235 4040 305 4101 ihm
322 4039 451 4102 uberali
467 4040 525 4103 das
543 4047 628 4106 erste
645 4041 710 4104 und
731 4038 914 4122 wichtigste
935 4041 986 4124 ist,
1011 4041 1160 4122 geoplert
1183 4041 1301 4102 haette.
1345 4037 1419 4101 Huc

164 4144 300 4222 accedit,
324 4143 413 4226 quod
429 4144 576 4208 hocloco
592 4147 746 4210 librarius
762 4145 918 4208 facillime
941 4162 984 4207 ex
1002 4145 1170 4226 sequentis
1194 4143 1289 4205 verbi
1312 4143 1419 4203 forma

168 4250 318 4329 „metuis“
343 4248 494 4311 inductus
511 4250 612 4312 etiem
626 4268 685 4330 pro
700 4249 896 4313 substantivi
912 4248 1017 4311 forma
1033 4254 1132 4311 ruerus
1160 4246 1255 4309 verbi
1278 4247 1419 4308 formam

126 4404 129 4410 .
166 4355 285 4417 metuis
307 4353 519 4418 scribendum
542 4372 613 4417 esse
635 4354 698 4417 sibi
720 4353 827 4417 videri
849 4356 985 4433 poterat.
