3158 4972
671 250 905 319 .-15-·

370 406 406 490 I.
437 425 501 488 De
534 423 808 489 sententiis.

267 686 384 752 Cicero
405 685 438 747 in
461 684 589 748 duabus
612 685 664 748 his
694 685 896 748 orationibus
926 705 1029 748 unum
1058 690 1186 748 tantum
1216 687 1433 751 nominatim

163 797 296 874 potitam
326 793 451 871 profert
478 789 650 854 Caeciliam
684 810 715 872 p.
736 789 776 852 R.
801 789 838 853 A.
869 793 894 865 §-
916 789 968 852 46.
1012 789 1137 853 Eodem
1170 791 1242 854 loco
1276 810 1410 855 causam

98 926 101 932 ·
162 895 326 972 adscribit,
350 914 408 958 our
430 900 499 958 tam
520 895 662 957 libenter
684 892 727 956 de
749 897 922 973 poetarum
944 894 1065 958 fabulis
1085 895 1284 957 mentionem
1299 896 1410 975 faciat,

164 1001 243 1082 quia
290 1000 457 1081 „homines
491 971 584 1097 nfitos
617 1015 750 1060 sumere
782 995 933 1060 odiosum
968 998 1036 1060 est“
1050 994 1082 1078 *J
1128 1004 1160 1061 et
1194 1001 1293 1081 paulo
1327 1002 1412 1064 inira

166 1104 309 1184 „etenim
332 1104 414 1166 haec
435 1103 572 1166 conficta
601 1101 743 1164 arbitror
773 1118 845 1164 esse
867 1120 888 1163 a
909 1103 1023 1182 poetis,
1058 1106 1094 1164 ut
1128 1104 1251 1167 effictos
1285 1110 1411 1168 nostros

164 1224 272 1270 mores
294 1208 328 1268 in
350 1208 466 1270 alienis
487 1207 633 1287 personis
664 1225 902 1290 expressamque
933 1207 1104 1290 locupleeta
1127 1209 1210 1272 citae
1234 1207 1411 1273 cotidianae

163 1309 368 1374 adcremari
413 1307 538 1375 Similis
560 1311 650 1373 locus
674 1314 723 1372 est
743 1329 774 1391 p.
797 1310 837 1374 R.
861 1309 953 1374 Com.
977 1316 1001 1387 §.
1024 1311 1082 1374 20:
1115 1330 1192 1374 nam
1227 1312 1411 1374 Ballionem

162 1414 258 1478 illum
280 1416 561 1496 improbissimum
592 1418 624 1477 et
654 1415 919 1495 periurissimum
953 1415 1104 1478 lenonem
1141 1418 1218 1478 cuin
1251 1417 1319 1497 agit
1352 1415 1410 1496 (sc.

163 1521 327 1602 Roscius),
361 1522 428 1602 agit
461 1518 662 1584 Chaeream:
695 1536 836 1600 persona
865 1519 924 1582 illa
952 1520 1122 1603 lutulenta,
1144 1522 1284 1603 impura,
1305 1521 1412 1583 invisa

162 1625 197 1686 in
219 1625 317 1687 huius
340 1624 486 1706 odoribus,
510 1632 629 1688 actara
651 1625 776 1707 uitaque
799 1630 843 1688 est
866 1643 1012 1707 expressa
1036 1625 1087 1707 (cf.
1103 1629 1128 1701 ς.
1146 1624 1210 1706 50).
1254 1623 1325 1687 Η55
1341 1618 1411 1687 1555

164 1726 280 1792 Cicero
302 1729 397 1791 illum
422 1729 606 1792 Ballionem
628 1728 738 1790 Plauti
760 1729 793 1790 in
816 1728 979 1792 Pseudolo
1004 1729 1096 1811 (113)
1118 1730 1287 1810 significat,
1310 1730 1368 1811 qui
1390 1748 1411 1791 a
1528 1746 1529 1755 ¹

164 1832 330 1895 Pseudolo
354 1837 386 1895 et
408 1831 575 1896 Callidoro
598 1832 703 1896 isdem
725 1833 795 1895 fere
819 1834 972 1896 conviciis
995 1835 1178 1917 corripitur,
1200 1834 1291 1897 velut
1304 1834 1411 1916 peria-

165 1937 307 2000 aissimas
329 1965 372 1990 =
394 1937 513 2001 Pseud.
546 1958 575 2002 v.
598 1935 678 2020 3513
712 1937 781 2000 leue
803 1965 846 1990 =
880 1959 909 1999 v.
932 1939 1010 2020 3653
1044 1940 1190 2022 impurus
1211 1965 1254 1990 =
1275 1959 1305 2001 v.
1329 1937 1410 2015 365;

167 2040 338 2106 lutulentas
359 2071 402 2096 =
424 2063 556 2106 cacuaau
588 2064 619 2103 v.
642 2039 714 2105 366.
759 2039 869 2124 Quam
899 2061 1032 2104 scenam
1055 2040 1171 2106 Cicero
1201 2043 1283 2104 mihi
1311 2042 1411 2103 etiam

166 2145 199 2206 in
222 2151 302 2208 orat.
322 2167 352 2227 p.
376 2145 504 2230 Quinot.
527 2152 551 2223 5.
575 2147 617 2209 56
640 2151 716 2209 ante
738 2147 849 2209 oculos
872 2146 1004 2209 videtur
1025 2148 1187 2224 habuisse,
1209 2147 1267 2209 ubi
1283 2146 1411 2209 Naevio

164 2249 264 2312 simili
286 2249 385 2314 modo
408 2250 585 2329 maledicit,
618 2255 655 2312 ut
669 2248 904 2333 fraudulentas
925 2258 969 2304 --’-
991 2273 1021 2315 v.
1044 2250 1107 2314 365
1131 2254 1163 2314 et
1185 2251 1248 2313 sibi
1269 2252 1340 2330 ipse
1362 2267 1412 2311 re-

163 2353 302 2437 spondit
324 2375 387 2418 aaa
410 2376 506 2438 nepas
521 2383 565 2408 =
587 2356 670 2432 itast,
695 2354 775 2418 dicis
798 2374 878 2418 vera
901 2378 930 2418 v.
954 2354 1033 2434 359;
1056 2355 1202 2438 vulparia
1228 2360 1256 2432 et
1278 2352 1411 2417 obsoleto
1496 2416 1499 2421 .

163 2463 238 2522 sunt
259 2487 303 2512 =
324 2466 429 2523 cetera
452 2459 676 2522 vaticinamini
699 2481 728 2521 v.
745 2459 825 2543 3633
849 2459 886 2522 of.
909 2459 951 2523 de
973 2479 1040 2541 rep.
1061 2459 1135 2534 115.
1151 2459 1192 2520 55
1215 2475 1326 2539 neque
1349 2474 1410 2538 ego

164 2563 249 2626 haee
270 2582 357 2627 nunc
379 2565 450 2627 sine
473 2581 573 2626 causa
595 2567 664 2626 tam
687 2570 791 2627 uetera
814 2568 847 2625 et
868 2568 938 2626 tarn
960 2563 1095 2628 obsoleta
1117 2562 1256 2627 decanta.

268 2719 366 2784 Certe
388 2739 432 2783 ex
454 2720 578 2801 tragico
605 2720 678 2783 loco
709 2725 841 2801 sumpta
867 2725 941 2782 sunt
968 2721 1070 2783 verba
1093 2740 1121 2801 p.
1146 2720 1185 2783 R.
1209 2719 1283 2783 Am.
1306 2723 1331 2796 ἓ.
1354 2716 1411 2784 67:

167 2821 266 2885 taedis
288 2820 538 2904 ardeatiba3**).
583 2824 658 2904 Ipse
680 2823 796 2888 Cicero
818 2825 852 2886 iu
881 2826 967 2888 libro
994 2843 1053 2887 suo
1082 2808 1170 2906 quae
1193 2825 1412 2888 inscribuntur
1448 2810 1449 2814 ¹

167 2926 368 2992 Academica
395 2930 436 3006 ΙΙ,
459 2929 501 2992 89
524 2929 634 2991 locum
657 2927 846 2991 Bouianum
867 2929 978 2991 affert:

272 3029 454 3110 „Caeruleo
475 3034 636 3095 incinctae
658 3033 759 3113 angui
780 3032 942 3117 incedunt,
966 3034 1176 3096 circumstant
1198 3026 1273 3095 oum
1297 3032 1376 3096 arde
1400 3067 1412 3079 ·

164 3135 247 3201 tibus
270 3135 371 3201 taedis
392 3137 446 3216 (cf.
469 3137 567 3201 Ribb.
591 3136 633 3200 28
656 3141 689 3199 et
710 3155 740 3218 p.
765 3137 852 3216 269).

211 3354 220 3373 .
268 3296 380 3378 Atque
402 3295 457 3357 hio
477 3295 613 3356 illustris
635 3293 727 3355 loeus
749 3291 790 3355 de
817 3291 898 3355 diris
920 3292 1013 3354 furiis
1042 3296 1077 3354 ut
1104 3290 1255 3356 Ciceroni
1281 3294 1344 3374 ipsi
1365 3295 1413 3356 vi-

164 3398 259 3464 detur
281 3400 455 3483 placuisse,
488 3399 609 3481 quippe
639 3414 740 3478 quem
768 3395 918 3476 pluribus
940 3396 1020 3459 locis
1043 3397 1243 3476 repetiverit,
1278 3398 1326 3459 ita
1347 3415 1412 3460 non

167 3499 330 3568 Ciceronis
351 3504 482 3584 ingenio
515 3506 639 3586 natum,
669 3500 729 3565 sed
759 3519 802 3564 ex
832 3500 986 3565 Aeschine
1002 3502 1153 3563 'ascitum
1183 3519 1255 3565 esse
1285 3503 1411 3582 primus

168 3604 248 3669 vidit
264 3608 505 3672 'Hotomannus

285 4021 313 4094 a)
348 4021 429 4076 Hand
447 4026 504 4077 scio
522 4040 558 4076 an
582 4023 617 4077 ab
641 4022 695 4075 hoc
717 4021 779 4074 loco
804 4019 986 4075 Ciceroniana
1006 4023 1087 4090 origo
1105 4023 1255 4089 repetenda
1272 4023 1309 4075 sit
1333 4021 1410 4075 illius

164 4110 248 4180 vocis,
270 4124 342 4178 quae
359 4096 454 4164 nostra
468 4116 557 4164 aetate
575 4109 819 4179 pervulgatissima
836 4112 891 4160 cst:
909 4112 1017 4162 aomina
1034 4118 1096 4162 aaut
1116 4112 1214 4162 odiosa.

268 4233 313 4302 ii)
348 4232 420 4286 Aliis
431 4233 499 4286 locis
512 4232 608 4286 Cicero
620 4248 729 4301 semper
747 4231 814 4303 dicit
833 4231 921 4300 „faces
939 4231 1091 4302 ardentes“,
1110 4231 1187 4284 velut
1205 4231 1283 4284 Verr.
1296 4228 1343 4301 IV,
1359 4231 1409 4302 743

167 4319 248 4371 asem
266 4318 324 4372 Liv.
347 4318 494 4391 vir,17‚33
512 4323 541 4372 at
559 4320 671 4374 Sueton.
688 4319 763 4372 Nero
781 4318 828 4371 34:
850 4320 988 4386 exagitari
1006 4334 1035 4370 se
1054 4322 1180 4370 materna
1197 4320 1294 4388 specie,
1312 4317 1409 4370 verbe-

168 4401 298 4475 ritusque
315 4407 455 4459 iuniorum
472 4423 504 4459 ac
522 4411 605 4462 toedio
623 4411 782 4461 ardentibus.
