3158 4972
167 1362 169 1366 ⁴
269 1318 395 1412 Seneca
405 1343 618 1425 philosophus
634 1343 667 1405 in
684 1341 825 1425 epistula
840 1339 985 1424 quadam
998 1342 1085 1419 (108,
1104 1339 1246 1423 24-35)
1262 1342 1410 1404 futurum

162 1451 376 1533 philologum,
408 1448 542 1530 qualem
566 1447 629 1510 sibi
651 1448 761 1510 animo
786 1450 1020 1528 praesumeret,
1050 1465 1180 1508 summa
1203 1465 1278 1508 cum
1300 1451 1411 1509 nostra

164 1556 325 1636 expressit
339 1552 550 1615 iucunditate.
595 1549 670 1632 Quo
686 1551 757 1614 loco
774 1571 850 1613 cum
870 1552 1025 1613 universe
1048 1550 1248 1613 demonstret
1269 1551 1411 1613 multum
1489 1530 1492 1538 ³

113 1678 115 1685 ’
164 1659 205 1721 ad
237 1676 309 1720 rem
341 1656 517 1738 pertinere,
551 1672 616 1736 quo
644 1656 812 1735 proposito
843 1655 885 1717 ad
913 1672 1081 1736 quamque
1104 1673 1175 1716 rem
1199 1655 1345 1737 accedas,
1378 1655 1411 1716 in

163 1759 372 1825 informando
402 1759 568 1839 philologo
600 1758 718 1842 future,
749 1777 815 1839 qua
845 1760 972 1821 ratione
998 1758 1060 1820 sibi
1081 1761 1109 1819 is
1132 1759 1180 1819 uti
1202 1758 1356 1821 videatur
1378 1764 1411 1820 in

165 1866 375 1947 antiquorum
421 1879 559 1942 operum
597 1862 847 1947 explanatione,
892 1863 1048 1943 exempla
1086 1862 1252 1944 quaedam
1288 1867 1420 1946 profert

166 1969 365 2049 Vergiliana.
411 1965 560 2048 (litorum
591 1967 684 2028 nobis
713 1967 909 2046 gravissima
935 1977 1009 2028 sunt
1039 1968 1110 2045 tria,
1144 1969 1266 2048 quippe
1290 1969 1412 2050 quibus
1537 2048 1542 2055 Ι

166 2072 293 2136 Seneca
316 2070 413 2134 valde
436 2070 585 2133 distincte
609 2088 683 2132 eam
707 2070 947 2151 explanationis
971 2072 1132 2132 rationem
1156 2069 1413 2151 adumbraverit,

165 2193 252 2258 quae
281 2179 392 2238 nostra
420 2174 555 2237 demum
583 2156 692 2236 aetate
723 2175 851 2255 planius
882 2178 982 2255 atque
1012 2173 1199 2254 diligentius
1222 2182 1413 2240 exercetur:
1532 2221 1535 2228 ·

165 2286 201 2342 ιιι
223 2279 309 2362 quod
335 2281 455 2361 cuique
477 2279 627 2358 scriptori
649 2279 820 2359 proprium
843 2278 884 2339 sit
907 2276 1037 2339 dicendi
1059 2296 1172 2363 genus,
1203 2279 1236 2341 id
1260 2287 1413 2344 accurate

167 2403 209 2448 ex
223 2385 359 2464 singulis
376 2385 445 2445 eius
461 2382 552 2445 tibris
576 2382 749 2462 colligatur
771 2385 872 2462 atque
895 2380 935 2442 ad
962 2376 1045 2442 banc
1066 2383 1215 2462 inprimis
1239 2386 1410 2448 collectam

166 2489 345 2551 verborum
361 2487 491 2567 copiam
507 2486 559 2548 vel
584 2490 619 2547 ut
641 2487 687 2546 ita
709 2483 818 2546 dicam
841 2484 984 2546 indicem
1009 2486 1109 2566 ipsius
1132 2488 1297 2567 scriptoris
1319 2489 1415 2552 inter-

167 2593 306 2673 pretatio
330 2595 361 2652 et
384 2586 572 2652 emendatio
595 2593 777 2651 revocetur.
1302 2646 1306 2655 ,

272 2695 333 2758 Sed
351 2696 384 2756 in
400 2695 458 2757 tali
473 2693 581 2755 indice
601 2691 830 2772 distinguenda
852 2696 926 2754 sunt
950 2697 982 2754 et
1005 2711 1046 2754 ea
1068 2711 1155 2774 quae
1172 2697 1310 2776 proprio
1335 2698 1413 2778 ipsis

170 2798 381 2880 scriptoribus
411 2799 514 2862 verba
546 2802 577 2859 et
607 2814 705 2859 voces
735 2802 766 2860 et
790 2815 940 2878 eaquae
963 2798 1005 2860 ab
1029 2797 1104 2860 aliis
1126 2796 1276 2880 fontibus
1299 2801 1417 2879 hausta

171 2907 253 2964 sunt.
299 2900 399 2964 Cuius
414 2903 463 2964 rei
479 2904 511 2963 in
536 2905 712 2982 utramque
734 2908 863 2980 partem
880 2900 1004 2962 Seneca
1028 2919 1065 2962 eo
1089 2901 1170 2986 loco,
1194 2922 1293 2984 quem
1316 2924 1417 2986 supra

170 3005 320 3083 diximus,
344 3004 608 3087 praeclarissima
631 3005 788 3084 exempla
809 3003 962 3088 protulit:
994 3009 1094 3086 atque
1117 3007 1150 3066 iu
1172 3007 1266 3069 illam
1287 3014 1415 3088 partem

327 3108 444 3192 „napo
466 3107 688 3189 inreparabile
713 3110 852 3190 tempus“
945 3109 1077 3189 (Georg.
1100 3111 1157 3188 ΙΙΙ,
1181 3133 1210 3174 v.
1235 3113 1314 3191 284)
1338 3123 1370 3176 et

330 3211 486 3298 „Optima
509 3230 664 3294 quaeque
687 3212 752 3276 dies
775 3214 904 3275 miseris
927 3215 1120 3277 mortalibus
1144 3217 1219 3278 aevi

377 3319 490 3381 Prima
504 3315 616 3402 supit“
664 3317 756 3394 (ibid.
780 3340 810 3380 v.
835 3319 892 3397 66)

170 3422 311 3486 addens:
348 3424 520 3506 „observet
554 3425 611 3500 (sc.
639 3425 872 3502 grammaticus
896 3423 1039 3501 futurus)
1076 3425 1226 3504 quotiens
1249 3426 1415 3506 Vergilius

172 3526 212 3588 de
249 3527 418 3589 celeritate
454 3530 640 3606 temporum
678 3525 769 3609 dicit⁷
811 3527 871 3588 boc
899 3528 947 3587 uti
978 3527 1079 3588 verbo
1102 3525 1238 3611 supit“;
1275 3530 1416 3593 alterum

311 3619 495 3716 ¹„Subeunt
517 3629 617 3693 morbi
639 3631 806 3712 tristisque
828 3633 986 3694 senectus‘-‘
1076 3631 1169 3708 [ibid.
1192 3654 1222 3695 v.
1246 3633 1303 3711 67)
1328 3639 1360 3695 et

328 3735 583 3814 „Pallentesque
615 3734 762 3796 habitant
795 3735 896 3797 morbi
925 3736 1091 3816 tristisque
1121 3740 1280 3800 correctus“
1320 3740 1416 3822 (Aen.
1503 3801 1513 3817 x

172 3839 228 3924 VI,
250 3860 280 3902 v.
303 3839 380 3918 275)
404 3838 547 3901 addens:
572 3838 638 3915 „ait
655 3838 838 3918 Vergilium
854 3856 985 3920 semper
1001 3858 1067 3901 una
1089 3857 1211 3920 ponere
1234 3843 1360 3908 morbus
1385 3851 1417 3907 ct

171 3944 384 4010 senectutem.“
431 3974 433 3978 ·

224 4039 225 4042 '
273 4049 312 4111 In
327 4047 467 4110 alteram
490 4051 621 4129 partem
645 4047 885 4127 explanationis
910 4049 1103 4129 exemplum
1125 4051 1234 4113 attulit
1257 4071 1300 4114 ex
1317 4052 1416 4133 Verg.

173 4153 289 4234 Georg.
311 4151 370 4230 ΙΙΙ,
393 4152 475 4215 261;
535 4220 544 4225 ,

296 4355 302 4366 ⁸
407 4362 489 4427 Pl
535 4368 546 4425 t
611 4368 623 4426 t
701 4361 744 4426 W
797 4258 925 4342 „Quem
950 4262 1184 4341 superingens

439 4382 510 4427 oro
542 4381 609 4425 sono
646 4383 725 4426 cccc
